index,amount,price,"timestamp",type,id,buy_order_id,sell_order_id
0,1,0.08098159,"2018-08-15 18:50:39",0,72343003,2002854748,2002854720
1,0.38825912,0.08098154,"2018-08-15 18:50:49",0,72343011,2002855431,2002855426
2,0.61174088,0.08098155,"2018-08-15 18:50:49",0,72343012,2002855431,2002855316
3,1,0.08098152,"2018-08-15 18:50:59",0,72343020,2002856035,2002856009
4,1.02806367,0.0810745,"2018-08-15 18:59:15",0,72343610,2002891921,2002891852
5,0.99141631,0.08107555,"2018-08-15 19:19:24",0,72345114,2002978289,2002977649
6,0.2,0.0810725,"2018-08-15 19:20:50",0,72345220,2002985888,2002985858
7,0.07203689,0.08095715,"2018-08-15 19:36:13",0,72346174,2003057886,2003022051
8,0.08979189,0.08102824,"2018-08-15 19:48:12",0,72346922,2003108326,2003070304
9,0.08198327,0.08111312,"2018-08-15 19:50:36",0,72347476,2003121379,2002799839
10,0.02259835,0.08130445,"2018-08-15 19:50:36",0,72347477,2003121379,2003078461
11,0.09096,0.08102996,"2018-08-15 19:51:53",1,72347621,2003127867,2003127890
12,0.23,0.08130437,"2018-08-15 19:59:11",0,72349044,2003167927,2003166710
13,0.01695,0.08105203,"2018-08-15 19:59:13",1,72349048,2003168058,2003168090
14,1.203,0.08105431,"2018-08-15 20:00:54",1,72349276,2003176289,2003177607
15,0.03949,0.081052,"2018-08-15 20:02:47",1,72349822,2003149588,2003189148
16,1.7095176,0.08081771,"2018-08-15 20:05:12",1,72350001,2003202061,2003202113
17,1.27694564,0.08081717,"2018-08-15 20:05:12",0,72350002,2003202115,2003202113
18,1,0.08081717,"2018-08-15 20:05:14",0,72350003,2003202270,2003202113
19,0.11795272,0.08081717,"2018-08-15 20:05:24",0,72350015,2003203090,2003202113
20,1,0.08081717,"2018-08-15 20:05:25",0,72350016,2003203108,2003202113
21,0.02246902,0.08081717,"2018-08-15 20:05:30",0,72350026,2003203544,2003202113
22,0.0169,0.081108,"2018-08-15 20:08:09",1,72350199,2003215456,2003215658
23,1.22690889,0.08130188,"2018-08-15 20:13:33",0,72350579,2003241325,2003241319
24,0.09433,0.08086685,"2018-08-15 20:14:52",1,72350669,2003246855,2003247223
25,0.20567,0.0808668,"2018-08-15 20:14:54",0,72350670,2003247337,2003247223
26,1.73394619,0.08111036,"2018-08-15 20:50:18",0,72352231,2003388944,2003388939
27,0.08,0.08081717,"2018-08-15 20:57:21",1,72352409,2003203927,2003414800
28,0.12,0.08081717,"2018-08-15 20:57:53",1,72352433,2003203927,2003417099
29,1.25585141,0.08120884,"2018-08-15 21:29:30",0,72353484,2003534407,2003514462
30,0.36367836,0.08120886,"2018-08-15 21:29:31",0,72353485,2003534433,2003446735
31,0.0166,0.08113339,"2018-08-15 21:50:29",1,72354518,2003616863,2003616873
32,0.36367836,0.08149171,"2018-08-15 22:01:51",0,72354872,2003660814,2003660800
33,8.64,0.08149173,"2018-08-15 22:01:51",0,72354873,2003660814,2003660767
34,2.99632164,0.08149176,"2018-08-15 22:01:51",0,72354874,2003660814,2003660801
35,2,0.0815643,"2018-08-15 22:14:01",0,72355365,2003708258,2003708247
36,0.23474708,0.08148983,"2018-08-15 22:21:00",0,72355748,2003734125,2003733686
37,3.3724565,0.08156547,"2018-08-15 22:36:53",0,72356316,2003802067,2003801444
38,0.1608419,0.08081896,"2018-08-15 22:50:16",1,72356778,2003857511,2003857525
39,0.66810803,0.08081717,"2018-08-15 22:55:58",1,72356939,2003203927,2003882956
40,0.00500699,0.08081717,"2018-08-15 22:55:59",1,72356942,2003203927,2003883013
41,2.9897976,0.08062142,"2018-08-15 22:56:09",1,72356952,2003883876,2003883897
42,1.23419996,0.0806214,"2018-08-15 22:56:09",1,72356953,2003883840,2003883897
43,0.40246912,0.08069889,"2018-08-15 22:56:17",0,72356965,2003884640,2003884608
44,0.37037038,0.08069886,"2018-08-15 22:56:19",0,72356966,2003884743,2003884701
45,0.62155605,0.08087497,"2018-08-15 23:03:59",1,72357529,2003923647,2003923651
46,1.99405221,0.08123346,"2018-08-15 23:18:04",0,72358423,2003989419,2003989315
47,0.549,0.0808965,"2018-08-15 23:24:41",0,72359047,2004023476,2004023462
48,0.4586,0.08089663,"2018-08-15 23:24:41",1,72359050,2004023476,2004023500
49,1.187,0.0808965,"2018-08-15 23:24:42",0,72359051,2004023577,2004023532
50,0.10415744,0.08125199,"2018-08-15 23:26:25",0,72359222,2004032499,2004032474
51,0.80705221,0.08086203,"2018-08-15 23:26:28",1,72359226,2004026251,2004032695
52,0.38335588,0.08086201,"2018-08-15 23:26:29",1,72359228,2004026272,2004032695
53,1.047,0.08102393,"2018-08-15 23:32:40",1,72359932,2004063341,2004063367
54,1.15115744,0.08084175,"2018-08-15 23:46:51",1,72360684,2004129077,2004130259
55,0.87743,0.08084173,"2018-08-15 23:46:51",1,72360685,2004129036,2004130259
56,1.38903238,0.08121289,"2018-08-15 23:50:26",0,72360876,2004146781,2004146716
57,0.69821,0.08121384,"2018-08-15 23:50:26",0,72360877,2004146781,2004144963
58,0.32234,0.08132103,"2018-08-15 23:50:31",0,72360899,2004147198,2004147186
59,2.9897976,0.08156685,"2018-08-15 23:50:40",0,72360904,2004147963,2004147690
60,1.257075,0.08156687,"2018-08-15 23:50:40",0,72360905,2004147963,2004147459
61,0.06447,0.08156699,"2018-08-15 23:50:40",0,72360906,2004147963,2004147222
62,0.172584,0.081567,"2018-08-15 23:50:40",0,72360907,2004147963,2003637810
63,0.57002431,0.08159014,"2018-08-15 23:52:20",0,72360953,2004154777,2004148176
64,0.116,0.0815935,"2018-08-15 23:52:21",1,72360961,2004154878,2004154890
65,0.818,0.0815935,"2018-08-15 23:52:21",1,72360962,2004154878,2004154891
66,2.055,0.0813521,"2018-08-16 00:07:27",1,72361491,2004204803,2004208633
67,2.989,0.08163641,"2018-08-16 00:33:47",0,72362841,2004321460,2004321430
68,0.086973,0.08163645,"2018-08-16 00:33:49",0,72362843,2004321640,2004173626
69,2.9897976,0.08135156,"2018-08-16 01:25:17",1,72364527,2004537051,2004537318
70,1,0.08149998,"2018-08-16 01:39:49",0,72364863,2004598899,2004598660
71,1,0.0812628,"2018-08-16 01:42:14",0,72364916,2004609339,2004609332
72,0.68839,0.08097571,"2018-08-16 01:42:26",1,72364928,2004608567,2004610292
73,2.9897976,0.08062383,"2018-08-16 01:52:46",0,72365186,2004646983,2004646971
74,9.643,0.08062385,"2018-08-16 01:52:46",0,72365187,2004646983,2004646939
75,8.64,0.08062412,"2018-08-16 01:52:46",0,72365189,2004646983,2004646145
76,2.9897976,0.08062428,"2018-08-16 01:52:47",0,72365191,2004647022,2004645407
77,0.04951235,0.08077984,"2018-08-16 01:53:10",0,72365219,2004648834,2004648015
78,0.01382369,0.08077984,"2018-08-16 01:53:20",0,72365222,2004649497,2004648015
79,1.34776738,0.08078229,"2018-08-16 01:53:20",1,72365226,2004649497,2004649501
80,0.13109379,0.08091809,"2018-08-16 03:22:50",1,72367314,2004952941,2004952960
81,5.04410835,0.0809,"2018-08-16 05:53:49",0,72370288,2005513369,2005473361
82,4.95589165,0.0809,"2018-08-16 05:55:54",0,72370321,2005520736,2005473361
83,1.21667359,0.08080094,"2018-08-16 06:49:30",1,72371507,2005691438,2005691456
84,27.94,0.08080092,"2018-08-16 06:49:30",1,72371508,2005691407,2005691456
85,2.1518886,0.08080089,"2018-08-16 06:49:30",1,72371509,2005691435,2005691456
86,8.64,0.08080083,"2018-08-16 06:49:30",1,72371511,2005691266,2005691456
87,1.97998187,0.08080074,"2018-08-16 06:49:31",0,72371513,2005691469,2005691456
88,1.39041006,0.08080074,"2018-08-16 06:49:31",0,72371515,2005691461,2005691456
89,13.64693346,0.08080074,"2018-08-16 06:49:31",0,72371516,2005691467,2005691456
90,0.04953678,0.081046,"2018-08-16 07:02:01",1,72371853,2005697528,2005727734
91,0.85046322,0.08069567,"2018-08-16 07:02:03",0,72371857,2005727796,2005727734
92,1,0.08129753,"2018-08-16 07:18:12",0,72372784,2005792726,2005792695
93,0.7956,0.08129751,"2018-08-16 07:18:22",0,72372787,2005793367,2005792731
94,1,0.0813,"2018-08-16 07:18:25",0,72372790,2005793588,2005633858
95,0.2395,0.0813,"2018-08-16 07:18:28",0,72372792,2005793772,2005633858
96,0.4147,0.0813,"2018-08-16 07:18:29",0,72372793,2005793815,2005633858
97,8.3458,0.0813,"2018-08-16 07:19:17",0,72372836,2005796755,2005633858
98,1.189,0.08163639,"2018-08-16 07:32:30",0,72373780,2005850991,2005850836
99,1.005,0.08163639,"2018-08-16 07:32:30",0,72373781,2005850995,2005850836
100,0.03299,0.08162824,"2018-08-16 07:32:49",1,72373792,2005847999,2005852418
101,0.34093,0.081684,"2018-08-16 07:47:35",0,72374234,2005905243,2005903805
102,0.59565581,0.08179299,"2018-08-16 07:47:37",0,72374235,2005905243,2005903881
103,0.39290662,0.08189497,"2018-08-16 08:33:33",0,72376546,2006072750,2005969564
104,0.029378,0.0819,"2018-08-16 08:33:33",0,72376547,2006072750,2002445564
105,4.99971538,0.08198,"2018-08-16 08:33:33",0,72376548,2006072750,2005854400
106,0.03602253,0.08197589,"2018-08-16 09:00:26",1,72378034,2006136878,2006156260
107,1.9759927,0.08197591,"2018-08-16 09:03:17",1,72378162,2006162728,2006162753
108,0.02439498,0.08197589,"2018-08-16 09:03:18",1,72378164,2006136878,2006162822
109,0.00480321,0.08197589,"2018-08-16 09:05:11",1,72378228,2006136878,2006167494
110,0.01469979,0.08196772,"2018-08-16 09:05:11",1,72378229,2006167195,2006167494
111,0.99890751,0.08196772,"2018-08-16 09:05:15",1,72378233,2006167195,2006167665
112,0.07277597,0.0819677,"2018-08-16 09:05:15",1,72378234,2006152976,2006167665
113,0.0644903,0.08195949,"2018-08-16 09:05:15",1,72378235,2006121200,2006167665
114,0.07472419,0.0819554,"2018-08-16 09:05:45",1,72378244,2006158439,2006168509
115,0.07881312,0.08193901,"2018-08-16 09:06:56",1,72378280,2006164203,2006171028
116,0.00642893,0.08193081,"2018-08-16 09:06:56",1,72378281,2006130569,2006171028
117,0.08554778,0.08193081,"2018-08-16 09:07:09",1,72378307,2006130569,2006171591
118,0.07881312,0.08193081,"2018-08-16 09:07:09",1,72378309,2006164268,2006171591
119,0.07262801,0.08192262,"2018-08-16 09:07:09",1,72378310,2006121217,2006171591
120,0.07900315,0.08192262,"2018-08-16 09:07:09",1,72378312,2006158374,2006171591
121,0.07881312,0.08192262,"2018-08-16 09:07:09",1,72378313,2006164199,2006171591
122,0.1091414,0.08189781,"2018-08-16 09:07:09",1,72378314,2006124037,2006171591
123,0.06516595,0.08189781,"2018-08-16 09:07:09",1,72378315,2006164291,2006171591
124,0.06475879,0.08188121,"2018-08-16 09:07:09",1,72378318,2006158479,2006171591
125,0.06516595,0.08188121,"2018-08-16 09:07:10",1,72378320,2006164207,2006171591
126,0.07229301,0.08186461,"2018-08-16 09:07:10",1,72378321,2006130604,2006171591
127,0.06516595,0.08186461,"2018-08-16 09:07:10",1,72378322,2006164286,2006171591
128,0.06475879,0.08185631,"2018-08-16 09:07:10",1,72378323,2006158402,2006171591
129,0.05423235,0.08185631,"2018-08-16 09:07:10",1,72378324,2006164224,2006171591
130,0.0109336,0.08185631,"2018-08-16 09:07:48",1,72378353,2006164224,2006174200
131,0.01274159,0.0818314,"2018-08-16 09:07:49",1,72378356,2006130665,2006174257
132,0.00439734,0.0818314,"2018-08-16 09:07:50",1,72378357,2006130665,2006174200
133,0.15,0.08197007,"2018-08-16 09:22:41",0,72379146,2006218569,2006171196
134,0.00028462,0.08198,"2018-08-16 09:24:49",0,72379378,2006225475,2005854400
135,2.9897976,0.0821999,"2018-08-16 09:32:01",0,72379855,2006247740,2006242910
136,5.4302024,0.0822,"2018-08-16 09:32:01",0,72379858,2006247740,2006086258
137,0.0009016,0.0822,"2018-08-16 09:33:15",0,72379898,2006252202,2006086258
138,0.03602253,0.08224595,"2018-08-16 09:34:54",1,72380004,2006258238,2006258261
139,0.03602252,0.08270062,"2018-08-16 10:39:18",1,72382485,2006460324,2006460382
140,0.48129964,0.0831,"2018-08-16 10:42:20",0,72382750,2006473575,2006419393
141,0.01870036,0.0831,"2018-08-16 10:42:21",0,72382754,2006473673,2006419393
142,0.360974,0.08311185,"2018-08-16 10:42:21",0,72382756,2006473673,2006367400
143,0.03691474,0.08312327,"2018-08-16 10:42:21",0,72382757,2006473673,2006367260
144,0.02328213,0.08291559,"2018-08-16 10:45:55",1,72383316,2006492973,2006493016
145,0.54,0.08340392,"2018-08-16 11:02:52",1,72384348,2006572152,2006572255
146,1.37060929,0.08269473,"2018-08-16 11:33:08",1,72385813,2006700833,2006700842
147,2.93049295,0.08269472,"2018-08-16 11:33:08",1,72385814,2006700787,2006700842
148,5.059,0.0826947,"2018-08-16 11:33:08",1,72385816,2006700765,2006700842
149,6.405,0.08269384,"2018-08-16 11:33:08",1,72385817,2006700732,2006700842
150,8.64,0.08269384,"2018-08-16 11:33:08",1,72385818,2006700741,2006700842
151,1.64700747,0.08269383,"2018-08-16 11:33:08",1,72385819,2006700753,2006700842
152,97.87635129,0.08269382,"2018-08-16 11:33:08",1,72385820,2006700655,2006700842
153,0.11074659,0.08270232,"2018-08-16 11:49:31",0,72386350,2006752790,2006752778
154,0.11408796,0.08247563,"2018-08-16 12:26:28",1,72388145,2006817809,2006897273
155,6,0.08210873,"2018-08-16 12:53:57",0,72391106,2007025318,2007025251
156,0.07419181,0.08195778,"2018-08-16 13:00:55",1,72391877,2006220102,2007059228
157,0.07045683,0.08194548,"2018-08-16 13:01:21",1,72391905,2006213249,2007061037
158,0.85657,0.08199586,"2018-08-16 13:05:27",0,72392264,2007080036,2007078656
159,0.16209973,0.08199586,"2018-08-16 13:05:27",1,72392265,2007080036,2007080050
160,1.01866986,0.0819958,"2018-08-16 13:05:27",0,72392266,2007080078,2007080050
161,1.01651375,0.0819958,"2018-08-16 13:05:28",0,72392267,2007080114,2007080050
162,1.01651659,0.08216947,"2018-08-16 13:05:29",0,72392268,2007080193,2007080191
163,0.27463007,0.08216926,"2018-08-16 13:05:30",0,72392272,2007080271,2007080238
164,0.06416054,0.08219694,"2018-08-16 13:24:07",0,72393352,2007159522,2007159497
165,0.07022198,0.08188,"2018-08-16 13:24:09",0,72393354,2007159661,2007159539
166,0.08563933,0.08187751,"2018-08-16 13:24:11",1,72393359,2007159003,2007159779
167,0.09636307,0.08219671,"2018-08-16 13:24:15",0,72393364,2007159999,2007159997
168,0.05251792,0.08219673,"2018-08-16 13:24:15",0,72393365,2007160026,2007159971
169,0.05165481,0.08231525,"2018-08-16 13:24:19",0,72393375,2007160291,2007160290
170,0.08162453,0.08219678,"2018-08-16 13:24:20",0,72393377,2007160349,2007160334
171,0.2158945,0.08270176,"2018-08-16 14:02:23",0,72395107,2007311088,2007311080
172,0.46445911,0.08238055,"2018-08-16 14:13:03",1,72395584,2007324731,2007355925
173,0.091191,0.08238014,"2018-08-16 14:13:03",1,72395585,2007322611,2007355925
174,1,0.0821622,"2018-08-16 14:43:12",0,72396934,2007483527,2007483439
175,2.11287966,0.08250907,"2018-08-16 16:13:47",1,72401448,2007856666,2007856837
176,0.29132,0.08250905,"2018-08-16 16:13:47",1,72401449,2007856639,2007856837
177,8.63980034,0.08250899,"2018-08-16 16:13:47",1,72401450,2007854066,2007856837
178,1.00501115,0.08238017,"2018-08-16 16:36:42",0,72402415,2007947201,2007947200
179,0.01665,0.08249034,"2018-08-16 17:27:32",1,72404167,2008119769,2008122007
180,0.019742,0.08239543,"2018-08-16 17:41:15",1,72405668,2008187503,2008187621
181,0.280258,0.08235275,"2018-08-16 17:41:17",0,72405680,2008187750,2008187621
182,0.39,0.08223,"2018-08-16 19:03:46",1,72409385,2008502250,2008505262
183,0.11,0.08223,"2018-08-16 19:03:47",1,72409386,2008502250,2008505324
184,0.39,0.08223,"2018-08-16 19:03:50",1,72409388,2008502250,2008505531
185,0.11,0.08223,"2018-08-16 19:03:50",1,72409391,2008502250,2008505596
186,0.08279924,0.08223,"2018-08-16 19:03:55",1,72409396,2008502250,2008505990
187,0.5,0.08208486,"2018-08-16 19:04:05",1,72409405,2008504741,2008506636
188,0.5,0.08208487,"2018-08-16 19:04:08",1,72409412,2008506812,2008506829
189,0.5,0.08208489,"2018-08-16 19:04:12",1,72409413,2008506938,2008507019
190,0.5,0.08208489,"2018-08-16 19:04:18",1,72409415,2008506938,2008507382
191,0.465,0.08208489,"2018-08-16 19:04:23",1,72409416,2008506938,2008507627
192,0.086,0.08208489,"2018-08-16 19:04:32",1,72409420,2008506938,2008508299
193,0.318,0.08208489,"2018-08-16 19:04:35",1,72409422,2008506995,2008508458
194,0.182,0.08208489,"2018-08-16 19:04:36",1,72409423,2008508312,2008508492
195,0.16,0.08208489,"2018-08-16 19:04:43",1,72409429,2008508312,2008508961
196,0.41720076,0.0822,"2018-08-16 19:04:59",0,72409437,2008509982,2008505990
197,0.23640932,0.0822,"2018-08-16 19:04:59",0,72409439,2008509982,2008506251
198,0.26359068,0.0822,"2018-08-16 19:06:41",0,72409502,2008516604,2008506251
199,0.01620557,0.08245492,"2018-08-16 19:23:45",0,72409986,2008578345,2008572453
200,2.97359203,0.08244038,"2018-08-16 19:27:23",0,72410074,2008592215,2008591998
201,1.86629347,0.08244038,"2018-08-16 19:27:23",1,72410075,2008592215,2008592243
202,0.68696001,0.08227005,"2018-08-16 19:43:25",1,72410542,2008646175,2008646200
203,1.31303999,0.08227005,"2018-08-16 19:43:25",0,72410543,2008646207,2008646200
204,0.03563759,0.08242008,"2018-08-16 20:16:26",1,72411306,2008755933,2008755937
205,0.120863,0.082458,"2018-08-16 20:17:08",0,72411424,2008759846,2008146422
206,1.40258,0.08283069,"2018-08-16 20:22:34",0,72412299,2008791771,2008790598
207,1.32656684,0.08291252,"2018-08-16 20:22:39",0,72412321,2008792314,2008791976
208,1.0110076,0.08307711,"2018-08-16 20:22:40",0,72412326,2008792499,2008792469
209,0.28052,0.08307713,"2018-08-16 20:22:41",0,72412327,2008792567,2008790956
210,0.55363261,0.08341463,"2018-08-16 20:22:41",0,72412328,2008792567,2008792546
211,0.3381,0.08296,"2018-08-16 20:23:58",1,72412392,2008798836,2008798846
212,0.13169565,0.0833133,"2018-08-16 20:52:24",0,72414023,2008919714,2008919679
213,5,0.0832,"2018-08-16 20:57:10",1,72414606,2008943820,2008946158
214,1.71542,0.0832,"2018-08-16 20:57:11",0,72414608,2008946171,2008946158
215,0.1,0.08321001,"2018-08-16 20:59:49",1,72414907,2008959351,2008959357
216,0.2,0.08324466,"2018-08-16 21:02:30",1,72415430,2008971820,2008973051
217,0.30906382,0.08335364,"2018-08-16 21:02:45",0,72415443,2008974154,2008974133
218,2.04659456,0.08365528,"2018-08-16 21:08:11",0,72415895,2009000665,2009000604
219,1.95340544,0.08365528,"2018-08-16 21:08:11",1,72415896,2009000665,2009000700
220,2.9897976,0.08278324,"2018-08-16 21:18:36",1,72416338,2009044378,2009044442
221,1.18369612,0.08278324,"2018-08-16 21:18:36",0,72416341,2009044471,2009044442
222,0.66639178,0.08278323,"2018-08-16 21:18:37",1,72416342,2009044432,2009044442
223,0.1,0.08282486,"2018-08-16 21:21:33",1,72416474,2009053698,2009056166
224,0.5,0.08282493,"2018-08-16 21:22:29",1,72416515,2009058161,2009059634
225,0.09088193,0.08278012,"2018-08-16 21:45:56",0,72417393,2009150781,2009150695
226,0.08000593,0.08277456,"2018-08-16 21:47:47",0,72417489,2009157518,2009157489
227,0.09117377,0.08291958,"2018-08-16 21:58:53",0,72417805,2009197297,2009197294
228,0.28484,0.08308586,"2018-08-16 22:51:36",1,72419037,2009377613,2009378027
229,2,0.08251503,"2018-08-16 23:04:01",0,72419454,2009419737,2009419716
230,1,0.08251502,"2018-08-16 23:04:03",0,72419455,2009419805,2009419779
231,1.03450834,0.08251501,"2018-08-16 23:04:04",0,72419457,2009419925,2009419866
232,0.96549166,0.08251502,"2018-08-16 23:04:04",0,72419458,2009419925,2009419779
233,1.3774338,0.0819176,"2018-08-16 23:33:52",1,72420238,2009511639,2009511653
234,10.67,0.08191166,"2018-08-16 23:33:52",1,72420239,2009507994,2009511653
235,12.544,0.08188304,"2018-08-16 23:33:52",1,72420240,2009510375,2009511653
236,5.652,0.08187036,"2018-08-16 23:33:59",1,72420245,2009511854,2009512038
237,2.1711797,0.08180683,"2018-08-16 23:33:59",0,72420246,2009512048,2009512038
238,0.3239,0.08207214,"2018-08-16 23:34:05",0,72420250,2009512401,2009512383
239,0.06738179,0.08207229,"2018-08-16 23:34:12",0,72420253,2009512693,2009512470
240,0.3239,0.08183352,"2018-08-16 23:39:36",1,72420461,2009512426,2009529205
241,25.993,0.08171822,"2018-08-16 23:49:59",1,72420708,2009561711,2009561856
242,8.64,0.08171821,"2018-08-16 23:49:59",1,72420709,2009561649,2009561856
243,0.56194108,0.0817182,"2018-08-16 23:49:59",1,72420710,2009561583,2009561856
244,5.313,0.0817182,"2018-08-16 23:49:59",1,72420711,2009561610,2009561856
245,2.9897976,0.08201707,"2018-08-16 23:52:30",1,72420825,2009571185,2009571207
246,0.0102024,0.08201707,"2018-08-16 23:52:33",1,72420827,2009571185,2009571420
247,2,0.08198638,"2018-08-16 23:56:26",1,72420970,2009586337,2009586345
248,2.9897976,0.08177363,"2018-08-16 23:56:29",1,72420974,2009586442,2009586486
249,14.501,0.08169297,"2018-08-16 23:56:30",1,72420975,2009586458,2009586486
250,0.03389511,0.08158,"2018-08-16 23:56:33",1,72420987,2007160039,2009586683
251,0.0873907,0.08158,"2018-08-16 23:56:33",1,72420988,2007160083,2009586683
252,0.05175661,0.08158,"2018-08-16 23:56:33",1,72420989,2007160134,2009586683
253,0.08853559,0.08158,"2018-08-16 23:56:33",1,72420990,2007160153,2009586683
254,0.07111059,0.08145709,"2018-08-16 23:57:26",1,72421024,2009589584,2009589622
255,9.17888941,0.08145709,"2018-08-16 23:57:26",1,72421025,2009589596,2009589622
256,5.75,0.08145733,"2018-08-16 23:57:58",1,72421068,2009591292,2009591294
257,8.64,0.08145872,"2018-08-17 00:01:13",1,72421220,2009599126,2009599198
258,19.658,0.08145871,"2018-08-17 00:01:13",1,72421221,2009599071,2009599198
259,0.28859,0.0814587,"2018-08-17 00:01:13",1,72421222,2009599194,2009599198
260,1.16718426,0.08145804,"2018-08-17 00:01:13",1,72421223,2009595168,2009599198
261,2,0.0818928,"2018-08-17 00:09:52",0,72421605,2009627453,2009627432
262,1,0.08189279,"2018-08-17 00:09:54",0,72421606,2009627528,2009627475
263,0.9897976,0.08190789,"2018-08-17 00:18:15",0,72421968,2009653945,2009642097
264,0.0102024,0.08208329,"2018-08-17 00:18:15",0,72421969,2009653945,2009653705
265,0.99105779,0.08226863,"2018-08-17 01:27:26",1,72425473,2009878840,2009879007
266,0.36462258,0.08226863,"2018-08-17 01:27:26",0,72425475,2009879026,2009879007
267,0.02305763,0.08226862,"2018-08-17 01:27:28",1,72425476,2009878752,2009879007
268,2.61294882,0.0834223,"2018-08-17 02:51:42",0,72428608,2010178267,2010178206
269,0.02423572,0.0834223,"2018-08-17 02:51:44",0,72428619,2010178422,2010178206
270,2.61294882,0.08343645,"2018-08-17 02:51:44",1,72428624,2010178422,2010178452
271,1.98933919,0.08343645,"2018-08-17 02:51:45",1,72428625,2010178422,2010178458
272,1.00773,0.08366445,"2018-08-17 02:55:27",1,72428886,2010195701,2010195761
273,1.9008,0.08312346,"2018-08-17 03:28:56",1,72430095,2010322423,2010326498
274,0.04523,0.08286767,"2018-08-17 03:41:38",0,72430515,2010378461,2010378434
275,0.01758,0.08273,"2018-08-17 03:43:35",1,72430569,2010385777,2010386595
276,0.53166307,0.08275895,"2018-08-17 03:47:58",0,72430667,2010402927,2010402900
277,0.04797,0.08250576,"2018-08-17 03:48:06",1,72430668,2010002899,2010403415
278,0.60564008,0.08240801,"2018-08-17 03:48:08",0,72430670,2010403449,2010403415
279,0.2675,0.08237388,"2018-08-17 06:25:24",1,72437374,2010989676,2010989706
280,1.37137611,0.08285489,"2018-08-17 07:54:53",0,72442092,2011323249,2011323235
281,2.22010464,0.08285489,"2018-08-17 07:54:53",1,72442093,2011323249,2011323256
282,0.0206295,0.08285513,"2018-08-17 07:54:55",0,72442094,2011323249,2011322595
283,0.52458,0.08302813,"2018-08-17 08:01:19",0,72442502,2011345796,2011345709
284,8.64,0.08302813,"2018-08-17 08:01:19",1,72442503,2011345796,2011345816
285,2.189,0.08302813,"2018-08-17 08:01:20",1,72442504,2011345796,2011345910
286,8.64,0.08302814,"2018-08-17 08:01:21",0,72442505,2011345796,2011344547
287,2,0.08302814,"2018-08-17 08:01:21",0,72442506,2011345796,2011344739
288,14.138748,0.0831592,"2018-08-17 08:01:21",1,72442507,2011345796,2011345936
289,1.2004081,0.08310507,"2018-08-17 08:16:19",0,72443501,2011397115,2011396934
290,2.9897976,0.08258354,"2018-08-17 08:26:42",1,72444169,2011432830,2011432866
291,0.62231265,0.08258354,"2018-08-17 08:26:42",0,72444173,2011432888,2011432866
292,0.73556582,0.08262766,"2018-08-17 08:57:22",1,72445913,2011531541,2011531599
293,0.19,0.08328362,"2018-08-17 09:19:33",0,72447255,2011605801,2011594097
294,0.2593,0.08342109,"2018-08-17 09:19:36",0,72447267,2011606084,2011605977
295,0.43674,0.08342113,"2018-08-17 09:19:43",0,72447290,2011606677,2011604764
296,2.7304976,0.08366606,"2018-08-17 09:20:15",0,72447463,2011609384,2011607596
297,0.21546,0.08366608,"2018-08-17 09:20:16",0,72447465,2011609384,2011606987
298,0.25475387,0.08373646,"2018-08-17 09:21:02",0,72447603,2011613042,2010330076
299,0.29957826,0.08378378,"2018-08-17 09:21:14",0,72447655,2011613897,2010274894
300,0.14723,0.08412791,"2018-08-17 09:21:14",0,72447656,2011613912,2011613127
301,0.83198311,0.08412791,"2018-08-17 09:21:14",1,72447662,2011613912,2011613945
302,0.02078689,0.08412797,"2018-08-17 09:21:16",0,72447667,2011613912,2010215451
303,0.3315027,0.08412797,"2018-08-17 09:22:07",0,72447775,2011617292,2010215451
304,0.374608,0.08438348,"2018-08-17 09:23:12",0,72447861,2011621380,2011617381
305,0.51925366,0.08421192,"2018-08-17 09:23:46",1,72447912,2011623291,2011623366
306,0.01425837,0.08430435,"2018-08-17 09:26:22",1,72448215,2011634167,2011634177
307,0.48474144,0.08461293,"2018-08-17 09:26:44",0,72448242,2011635435,1998468489
308,0.1004,0.08461293,"2018-08-17 09:26:46",1,72448246,2011635435,2011635522
309,0.443,0.08461293,"2018-08-17 09:27:03",1,72448274,2011635435,2011636706
310,2.25,0.08461293,"2018-08-17 09:27:07",1,72448281,2011635435,2011637011
311,0.721,0.08461293,"2018-08-17 09:27:07",1,72448283,2011635435,2011637050
312,0.00085856,0.08461293,"2018-08-17 09:27:20",1,72448296,2011635435,2011638068
313,0.01342968,0.08400067,"2018-08-17 09:33:51",1,72448918,2011663658,2011663662
314,1.02131991,0.08379785,"2018-08-17 09:37:41",1,72449244,2011678830,2011678847
315,0.01490972,0.08392088,"2018-08-17 10:04:47",1,72451155,2011778495,2011778542
316,0.18422211,0.08440257,"2018-08-17 10:15:12",0,72452090,2011819320,2011708198
317,0.15665788,0.08461323,"2018-08-17 10:19:44",0,72452861,2011840128,2011759482
318,0.21663632,0.0848243,"2018-08-17 10:21:05",0,72452996,2011846520,2011648905
319,0.01687,0.08471644,"2018-08-17 10:22:41",1,72453081,2011853002,2011853017
320,0.04836,0.08471689,"2018-08-17 10:23:03",1,72453114,2011855066,2011855130
321,0.0364,0.08420025,"2018-08-17 10:27:14",1,72454203,2011880300,2011880689
322,0.07686,0.08420017,"2018-08-17 10:27:19",1,72454210,2011879530,2011881202
323,1.95954,0.0842,"2018-08-17 10:27:19",1,72454211,2011845275,2011881202
324,0.16625416,0.0842,"2018-08-17 10:27:19",1,72454215,2011845275,2011881229
325,0.07942,0.08420001,"2018-08-17 10:27:22",1,72454222,2011881258,2011881450
326,5.36258,0.0842,"2018-08-17 10:27:22",1,72454223,2011845275,2011881450
327,0.70977708,0.0842,"2018-08-17 10:27:26",1,72454228,2011845275,2011881733
328,0.19000475,0.0842,"2018-08-17 10:27:27",1,72454229,2011845275,2011881806
329,0.10901165,0.0842,"2018-08-17 10:27:28",1,72454237,2011845275,2011881988
330,1.502,0.0842,"2018-08-17 10:27:37",1,72454251,2011845275,2011882792
331,0.00083236,0.0842,"2018-08-17 10:27:38",1,72454257,2011845275,2011882840
332,0.66179051,0.08394463,"2018-08-17 10:33:21",0,72454936,2011909338,2011908877
333,0.50327,0.08394473,"2018-08-17 10:33:23",0,72454940,2011909338,2011908856
334,2.17530959,0.08409996,"2018-08-17 10:33:23",0,72454941,2011909338,2011909090
335,2.9897976,0.08330279,"2018-08-17 10:52:58",1,72455835,2011979755,2011980572
336,0.28845745,0.08319286,"2018-08-17 10:53:12",1,72455855,2011980516,2011981724
337,3.72516991,0.08332113,"2018-08-17 11:37:04",1,72457818,2012142715,2012143448
338,0.07155337,0.08365783,"2018-08-17 13:04:59",0,72460755,2012431125,2012431101
339,0.0449729,0.0832617,"2018-08-17 13:11:46",1,72461077,2012454112,2012454127
340,0.44156942,0.08394603,"2018-08-17 13:17:42",0,72461487,2012476098,2012475880
341,2.47667481,0.08394601,"2018-08-17 13:19:38",0,72461749,2012486809,2012486276
342,0.012,0.083973,"2018-08-17 13:54:30",1,72463379,2012633611,2012633961
343,0.1,0.08402225,"2018-08-17 14:08:59",0,72463997,2012690015,2012567013
344,0.01899,0.0839,"2018-08-17 14:21:58",1,72464591,2012741703,2012744488
345,0.93180645,0.0837,"2018-08-17 15:43:53",0,72468446,2013046824,2013040358
346,0.206,0.0837,"2018-08-17 15:44:48",0,72468513,2013050659,2013040358
347,0.9981,0.0837,"2018-08-17 15:44:49",0,72468514,2013050729,2013040358
348,4.658,0.0837,"2018-08-17 15:44:50",0,72468515,2013050838,2013040358
349,0.20609355,0.0837,"2018-08-17 15:44:53",0,72468519,2013051093,2013040358
350,0.01683,0.08412152,"2018-08-17 16:20:14",1,72469788,2013179261,2013179274
351,0.51398308,0.08443592,"2018-08-17 16:20:54",0,72469845,2013180977,2013180569
352,0.01631,0.08421031,"2018-08-17 16:24:20",1,72469948,2013191900,2013191913
353,0.077,0.08455,"2018-08-17 16:27:47",0,72470243,2013204096,2013204014
354,0.274,0.08455,"2018-08-17 16:28:04",0,72470267,2013205145,2013204472
355,0.5,0.0848,"2018-08-17 16:28:51",0,72470316,2013208644,2011865066
356,0.13672877,0.0848,"2018-08-17 16:28:51",0,72470318,2013208644,2011865261
357,0.5,0.08456324,"2018-08-17 16:30:33",1,72470412,2013216075,2013216083
358,0.156,0.08455,"2018-08-17 16:35:56",0,72470718,2013236085,2013216251
359,0.01827123,0.0848,"2018-08-17 16:37:45",0,72470915,2013245203,2011865261
360,0.51631,0.08550363,"2018-08-17 16:38:43",0,72471026,2013250125,2013250093
361,0.52534975,0.08550363,"2018-08-17 16:38:43",1,72471027,2013250125,2013250136
362,0.01952979,0.08493165,"2018-08-17 16:38:51",1,72471047,2013250620,2013250743
363,0.245,0.08497375,"2018-08-17 16:40:01",1,72471278,2013258582,2013258628
364,0.63187,0.08497373,"2018-08-17 16:40:05",1,72471294,2013258412,2013259158
365,0.13323,0.08497373,"2018-08-17 16:40:05",1,72471295,2013258460,2013259158
366,0.09413732,0.08497374,"2018-08-17 16:40:33",1,72471448,2013260510,2013262788
367,0.01989268,0.08497374,"2018-08-17 16:40:34",1,72471456,2013260510,2013262883
368,0.05323078,0.084729,"2018-08-17 16:40:34",1,72471458,2013260460,2013262883
369,0.11403,0.08435003,"2018-08-17 16:40:44",1,72471493,2013263932,2013264000
370,0.11403,0.08435004,"2018-08-17 16:40:45",1,72471505,2013264073,2013264193
371,0.11403,0.08448973,"2018-08-17 16:40:47",1,72471507,2013264318,2013264323
372,0.11403,0.08435004,"2018-08-17 16:40:48",1,72471511,2013264308,2013264449
373,0.08372763,0.08464809,"2018-08-17 16:50:17",0,72471984,2013305190,2013279189
374,0.06627237,0.08464809,"2018-08-17 16:50:38",0,72471993,2013306560,2013279189
375,0.04385819,0.08485969,"2018-08-17 16:51:18",0,72472067,2013309747,2013284068
376,0.08438655,0.08485969,"2018-08-17 16:51:35",0,72472088,2013310820,2013284068
377,0.0049732,0.08485969,"2018-08-17 16:52:39",0,72472243,2013315319,2013284068
378,0.05,0.0851,"2018-08-17 16:53:24",0,72472289,2013318501,2013254383
379,0.45,0.0851,"2018-08-17 16:53:24",0,72472290,2013318501,2013254450
380,0.5,0.0851,"2018-08-17 16:53:25",0,72472291,2013318501,2013254745
381,0.0964235,0.08541571,"2018-08-17 16:54:15",0,72472313,2013321915,2013321083
382,0.07629468,0.0855397,"2018-08-17 16:54:49",0,72472347,2013323846,2013323845
383,0.14745384,0.08505,"2018-08-17 16:56:54",0,72472680,2013331704,2013331218
384,0.0812,0.08494734,"2018-08-17 16:56:57",1,72472684,2013331883,2013331908
385,0.12554616,0.08505,"2018-08-17 17:00:36",0,72472908,2013348600,2013331218
386,0.475,0.08505,"2018-08-17 17:00:36",0,72472909,2013348600,2013331499
387,0.16845384,0.08505,"2018-08-17 17:00:36",0,72472910,2013348600,2013331722
388,0.02154616,0.08505,"2018-08-17 17:00:37",0,72472911,2013348672,2013331722
389,0.15,0.08520994,"2018-08-17 17:01:22",1,72472971,2013351979,2013352003
390,0.40707202,0.08550465,"2018-08-17 17:01:34",0,72472990,2013352896,2013352843
391,0.01720471,0.08557959,"2018-08-17 17:03:54",1,72473263,2013364573,2013364638
392,0.01878235,0.08557961,"2018-08-17 17:03:55",1,72473264,2013364672,2013364700
393,0.29999988,0.08557963,"2018-08-17 17:03:56",1,72473265,2013364734,2013364771
394,0.39555542,0.08594649,"2018-08-17 17:04:16",0,72473331,2013366573,2013364571
395,0.02225558,0.08594649,"2018-08-17 17:04:31",0,72473383,2013368124,2013364571
396,0.44426758,0.08651205,"2018-08-17 17:05:38",0,72473458,2013373875,2013373777
397,0.27739026,0.08651205,"2018-08-17 17:05:39",1,72473459,2013373875,2013373903
398,0.26994021,0.08651205,"2018-08-17 17:05:39",1,72473461,2013373875,2013373919
399,0.12787792,0.08647537,"2018-08-17 17:06:41",0,72473525,2013379041,2013378877
400,0.14797165,0.08647658,"2018-08-17 17:07:46",0,72473642,2013384232,2013384150
401,0.03810164,0.08647549,"2018-08-17 17:08:47",0,72473746,2013389007,2013388610
402,0.02522287,0.08621748,"2018-08-17 17:11:02",1,72473982,2013399487,2013399603
403,0.01492787,0.08681454,"2018-08-17 17:13:33",1,72474210,2013411316,2013411432
404,0.19249722,0.08681733,"2018-08-17 17:14:24",1,72474269,2013415819,2013415876
405,0.01581,0.0868655,"2018-08-17 17:14:51",1,72474305,2013418262,2013418320
406,0.40914,0.08681739,"2018-08-17 17:14:57",1,72474309,2013418061,2013418953
407,0.52155515,0.08664432,"2018-08-17 17:16:27",1,72474467,2013427725,2013427754
408,0.06937006,0.08648399,"2018-08-17 17:17:04",1,72474513,2013430098,2013431394
409,0.01232994,0.08648399,"2018-08-17 17:17:04",1,72474514,2013430098,2013431449
410,0.08152,0.086484,"2018-08-17 17:17:10",1,72474521,2013431662,2013431910
411,0.08152,0.0860746,"2018-08-17 17:17:17",1,72474529,2013431669,2013432470
412,0.06,0.08607462,"2018-08-17 17:17:18",1,72474530,2013432501,2013432577
413,0.08152,0.08607464,"2018-08-17 17:17:19",1,72474531,2013432620,2013432687
414,0.08152,0.0860745,"2018-08-17 17:17:21",1,72474533,2013431635,2013432773
415,0.08152,0.0860745,"2018-08-17 17:17:22",1,72474536,2013431635,2013432888
416,0.08152,0.08590317,"2018-08-17 17:17:23",1,72474541,2013432989,2013432993
417,0.01239277,0.08638804,"2018-08-17 17:30:21",0,72475085,2013489390,2013489382
418,0.953,0.08627473,"2018-08-17 17:39:03",1,72475554,2013530719,2013531583
419,0.245,0.08627473,"2018-08-17 17:39:03",0,72475556,2013531628,2013531605
420,0.02439443,0.08633495,"2018-08-17 17:42:48",1,72475946,2013552794,2013552875
421,1.67554729,0.08565371,"2018-08-17 18:07:14",0,72477958,2013657577,2013657545
422,0.02810787,0.08627276,"2018-08-17 18:28:50",0,72478835,2013742996,2013742971
423,0.09508148,0.08672641,"2018-08-17 18:33:15",0,72479074,2013761379,2013761348
424,1.0007387,0.08671894,"2018-08-17 18:34:32",0,72479177,2013766756,2013766699
425,0.4,0.08671108,"2018-08-17 18:34:54",0,72479190,2013768202,2013768181
426,0.20539466,0.08671108,"2018-08-17 18:34:54",0,72479191,2013768202,2013768195
427,0.58031301,0.0866598,"2018-08-17 18:35:20",0,72479217,2013769959,2013769923
428,0.22272633,0.08665888,"2018-08-17 18:35:21",0,72479218,2013770038,2013770028
429,0.1189575,0.08656595,"2018-08-17 18:35:38",0,72479236,2013770956,2013770907
430,2.9355722,0.08656595,"2018-08-17 18:35:38",0,72479237,2013770956,2013770910
431,1.086595,0.08656563,"2018-08-17 18:36:00",0,72479257,2013772480,2013772421
432,0.15531051,0.08656555,"2018-08-17 18:36:16",0,72479270,2013773860,2013773847
433,0.01941617,0.0865655,"2018-08-17 18:36:30",0,72479277,2013774873,2013774710
434,0.32897617,0.08622198,"2018-08-17 18:36:48",1,72479288,2013776172,2013776197
435,0.02168069,0.0865427,"2018-08-17 18:49:11",0,72479591,2013815793,2013815788
436,0.02434777,0.08654269,"2018-08-17 18:49:13",0,72479595,2013815848,2013815836
437,1.78325195,0.08624146,"2018-08-17 18:49:35",1,72479610,2013817007,2013817053
438,0.0517387,0.08683806,"2018-08-17 18:52:43",0,72479841,2013830748,2013830727
439,0.05478622,0.0868378,"2018-08-17 18:53:09",0,72479856,2013832313,2013832243
440,0.02145211,0.08704014,"2018-08-17 18:53:10",0,72479857,2013832428,2013832407
441,1.09068602,0.08704009,"2018-08-17 18:53:12",0,72479858,2013832530,2013832507
442,0.03751925,0.08704007,"2018-08-17 18:53:13",0,72479860,2013832627,2013832618
443,0.69256593,0.0870263,"2018-08-17 19:02:19",0,72480416,2013870559,2013870533
444,0.16058423,0.0870263,"2018-08-17 19:02:19",1,72480417,2013870559,2013870588
445,0.9,0.0870263,"2018-08-17 19:02:20",1,72480418,2013870559,2013870626
446,0.1479028,0.0870263,"2018-08-17 19:02:20",1,72480419,2013870559,2013870667
447,0.47257443,0.08702629,"2018-08-17 19:02:20",0,72480420,2013870692,2013870667
448,0.6738507,0.08669959,"2018-08-17 19:05:57",1,72480514,2013884998,2013885212
449,1.27274459,0.0866334,"2018-08-17 19:25:57",0,72481068,2013957705,2013956949
450,0.10540692,0.08670051,"2018-08-17 19:26:42",1,72481093,2013960385,2013960442
451,1.10413519,0.0867005,"2018-08-17 19:26:44",0,72481094,2013960555,2013960442
452,0.4,0.086199,"2018-08-17 19:38:09",1,72481401,2013999917,2013999932
453,0.6,0.086199,"2018-08-17 19:38:09",1,72481402,2013999918,2013999932
454,0.07160452,0.08671354,"2018-08-17 19:40:08",0,72481526,2014007071,2014007015
455,0.28909591,0.08671352,"2018-08-17 19:40:09",0,72481527,2014007179,2014007171
456,2.53711635,0.08691626,"2018-08-17 19:44:33",0,72481797,2014022630,2014022009
457,0.19078093,0.08691626,"2018-08-17 19:44:35",0,72481798,2014022724,2014022009
458,0.28,0.08691627,"2018-08-17 19:44:36",0,72481799,2014022819,2014021913
459,0.64988,0.08691628,"2018-08-17 19:44:38",0,72481800,2014022819,2014022037
460,0.30928305,0.08691629,"2018-08-17 19:44:38",0,72481801,2014022819,2014022729
461,4.42123769,0.08691629,"2018-08-17 19:44:38",1,72481805,2014022907,2014022940
462,0.27717645,0.08691627,"2018-08-17 19:44:40",0,72481806,2014023043,2014022940
463,0.0976496,0.08691627,"2018-08-17 19:44:42",0,72481812,2014023151,2014022940
464,0.36070043,0.08640195,"2018-08-17 19:53:33",1,72482161,2014057474,2014057478
465,2.9897976,0.08640194,"2018-08-17 19:53:33",1,72482162,2014057422,2014057478
466,0.75550197,0.08640194,"2018-08-17 19:53:34",1,72482163,2014057476,2014057478
467,2.64216901,0.08611658,"2018-08-17 21:09:26",0,72485868,2014344761,2014344734
468,0.04996243,0.08640492,"2018-08-17 21:29:19",0,72486977,2014419022,2014419014
469,2.69213144,0.08602973,"2018-08-17 21:30:20",1,72487040,2014422482,2014422519
470,0.37686856,0.08602973,"2018-08-17 21:30:20",0,72487041,2014422536,2014422519
471,0.032397,0.086212,"2018-08-17 21:40:33",0,72487529,2014459513,2014450118
472,0.21569723,0.0863942,"2018-08-17 21:40:35",1,72487534,2014459513,2014459571
473,0.4,0.08638862,"2018-08-17 21:46:57",0,72488095,2014486335,2014486314
474,0.4508,0.0870263,"2018-08-17 22:04:28",0,72489983,2014562947,2013870736
475,0.295,0.0870263,"2018-08-17 22:04:44",0,72490003,2014564000,2013870736
476,0.25419999,0.0870263,"2018-08-17 22:05:41",0,72490057,2014567773,2013870736
477,0.00000001,0.0870263,"2018-08-17 22:05:44",0,72490067,2014567991,2013870736
478,0.09623537,0.08704022,"2018-08-17 22:05:44",0,72490069,2014567991,2013487612
479,0.00009954,0.08704022,"2018-08-17 22:10:48",0,72490565,2014591021,2013487612
480,0.11328521,0.08738911,"2018-08-17 22:10:48",0,72490567,2014591021,2013419119
481,1.07529941,0.08768947,"2018-08-17 22:10:48",0,72490569,2014591021,2014590970
482,1.031,0.08768945,"2018-08-17 22:10:49",0,72490572,2014591068,2014591057
483,0.11787703,0.08768945,"2018-08-17 22:10:49",0,72490573,2014591076,2014591057
484,0.11338475,0.08767959,"2018-08-17 22:10:55",0,72490590,2014591550,2014591231
485,0.28792825,0.08767959,"2018-08-17 22:10:55",0,72490595,2014591601,2014591231
486,0.74023,0.08768959,"2018-08-17 22:10:55",0,72490596,2014591601,2014590788
487,0.01551675,0.0876896,"2018-08-17 22:10:57",1,72490597,2014591678,2014591711
488,0.11338475,0.08812,"2018-08-17 22:10:57",0,72490598,2014591746,2014591745
489,0.38448325,0.08768961,"2018-08-17 22:10:58",1,72490599,2014591757,2014591795
490,0.11338475,0.08811999,"2018-08-17 22:10:59",0,72490601,2014591847,2014591841
491,0.11338475,0.08811998,"2018-08-17 22:11:00",0,72490607,2014591945,2014591928
492,0.12583005,0.08744762,"2018-08-17 22:11:06",1,72490616,2014592384,2014592410
493,0.09999978,0.08744764,"2018-08-17 22:11:07",1,72490617,2014592421,2014592474
494,0.29906055,0.08789962,"2018-08-17 22:11:39",0,72490670,2014594471,2014594436
495,0.29906055,0.08791467,"2018-08-17 22:11:40",1,72490671,2014594499,2014594512
496,0.01998306,0.08841274,"2018-08-17 22:16:51",1,72491532,2014619447,2014619477
497,0.082933,0.08866415,"2018-08-17 22:19:39",1,72491958,2014633610,2014633644
498,0.01770966,0.08867077,"2018-08-17 22:23:14",1,72492418,2014652821,2014652860
499,0.1,0.08867656,"2018-08-17 22:27:04",1,72492680,2014672234,2014672247
500,1.227,0.08909,"2018-08-17 22:31:26",0,72493138,2014694481,2014639074
501,0.000185,0.08909,"2018-08-17 22:31:44",0,72493192,2014696057,2014639074
502,0.1854,0.08916052,"2018-08-17 22:31:46",1,72493197,2014696198,2014696224
503,0.42582315,0.08923,"2018-08-17 22:31:52",0,72493211,2014696810,2014696153
504,0.00956385,0.08923,"2018-08-17 22:31:54",0,72493221,2014696963,2014696153
505,0.125,0.08924,"2018-08-17 22:31:54",0,72493222,2014696963,1993852965
506,0.0819208,0.08925763,"2018-08-17 22:31:54",0,72493224,2014696963,2014610384
507,0.0696634,0.08931272,"2018-08-17 22:31:54",0,72493226,2014696963,2014686986
508,0.14901478,0.08956114,"2018-08-17 22:31:54",0,72493227,2014696963,2014696415
509,0.06454055,0.08916429,"2018-08-17 22:32:45",1,72493333,2014701079,2014701083
510,0.0364639,0.0895352,"2018-08-17 22:33:06",1,72493360,2014702797,2014702844
511,0.03068,0.08953699,"2018-08-17 22:34:21",1,72493471,2014708402,2014708449
512,2.87998995,0.09,"2018-08-17 22:35:12",0,72493563,2014712506,2001536776
513,2.41004086,0.090112,"2018-08-17 22:35:15",1,72493572,2014712613,2014712677
514,0.73520851,0.090112,"2018-08-17 22:39:49",1,72494251,2014723840,2014734367
515,0.4,0.090112,"2018-08-17 22:39:50",1,72494252,2014731624,2014734367
516,1.08061111,0.090112,"2018-08-17 22:39:50",1,72494253,2014734273,2014734367
517,0.01501432,0.08966252,"2018-08-17 22:41:46",1,72494371,2014743269,2014743306
518,0.28318966,0.09009794,"2018-08-17 22:58:40",0,72495934,2014820487,2014820466
519,0.6673,0.09012,"2018-08-17 22:58:40",0,72495935,2014820487,2014725128
520,1.14251034,0.09030465,"2018-08-17 22:58:40",0,72495936,2014820487,2014818963
521,0.57577127,0.09030461,"2018-08-17 23:00:21",0,72496255,2014828342,2014827565
522,0.00626873,0.09030461,"2018-08-17 23:00:22",0,72496260,2014828417,2014827565
523,0.05924001,0.09033055,"2018-08-17 23:00:22",0,72496261,2014828417,2014758382
524,0.05037622,0.09053039,"2018-08-17 23:00:22",0,72496262,2014828417,2014826301
525,0.45744646,0.09072682,"2018-08-17 23:00:22",0,72496264,2014828417,2014827626
526,0.0229,0.09004292,"2018-08-17 23:02:56",1,72496588,2014840507,2014840527
527,0.3907,0.09004358,"2018-08-17 23:03:08",1,72496611,2014841461,2014841465
528,0.312,0.09004377,"2018-08-17 23:03:17",1,72496623,2014841615,2014842227
529,0.0651,0.09004401,"2018-08-17 23:03:57",1,72496680,2014843955,2014845250
530,1.31206857,0.09004401,"2018-08-17 23:03:57",1,72496681,2014843957,2014845250
531,0.02690739,0.09003222,"2018-08-17 23:12:00",0,72497059,2014876243,2014876216
532,0.22660933,0.0900322,"2018-08-17 23:12:01",0,72497060,2014876317,2014876309
533,0.22341763,0.09003219,"2018-08-17 23:12:03",0,72497062,2014876402,2014876375
534,1.08882629,0.09003218,"2018-08-17 23:12:05",0,72497065,2014876542,2014876514
535,0.17978481,0.09003218,"2018-08-17 23:12:05",1,72497066,2014876542,2014876551
536,0.17339067,0.09003217,"2018-08-17 23:12:06",0,72497067,2014876633,2014876579
537,0.61837012,0.09003217,"2018-08-17 23:12:07",1,72497068,2014876633,2014876672
538,0.01778825,0.09003216,"2018-08-17 23:12:08",0,72497069,2014876728,2014876672
539,0.37880693,0.09003177,"2018-08-17 23:12:44",0,72497107,2014878688,2014878626
540,2.6211399,0.09003177,"2018-08-17 23:12:44",1,72497108,2014878688,2014878714
541,0.77181981,0.09003176,"2018-08-17 23:12:45",0,72497109,2014878772,2014878714
542,3.35126443,0.09003176,"2018-08-17 23:12:47",0,72497110,2014878845,2014878714
543,0.78707771,0.09003176,"2018-08-17 23:12:51",0,72497111,2014879071,2014878714
544,0.32033061,0.09030935,"2018-08-17 23:12:52",0,72497113,2014879151,2014879139
545,0.19329,0.09030914,"2018-08-17 23:12:54",0,72497116,2014879234,2014879166
546,0.92379814,0.09030914,"2018-08-17 23:12:54",1,72497117,2014879234,2014879253
547,1.32651033,0.09030892,"2018-08-17 23:12:55",0,72497124,2014879337,2014879291
548,0.1972837,0.09029348,"2018-08-17 23:13:51",0,72497217,2014882879,2014882808
549,0.1552104,0.09029347,"2018-08-17 23:13:52",0,72497220,2014882970,2014882885
550,0.92302786,0.09029325,"2018-08-17 23:13:54",0,72497234,2014883130,2014883099
551,0.02703777,0.09029325,"2018-08-17 23:13:56",0,72497236,2014883204,2014883099
552,0.62249263,0.09028791,"2018-08-17 23:14:44",0,72497300,2014886133,2014886094
553,0.11021639,0.09028771,"2018-08-17 23:14:45",0,72497304,2014886209,2014886192
554,0.79213983,0.0902877,"2018-08-17 23:14:47",0,72497309,2014886296,2014886256
555,1.10339549,0.0896759,"2018-08-17 23:41:16",1,72498825,2014991004,2014991017
556,0.38986354,0.08967597,"2018-08-17 23:41:24",1,72498844,2014991501,2014991564
557,0.38986354,0.08957299,"2018-08-17 23:41:26",1,72498857,2014971073,2014991670
558,0.38986354,0.09012243,"2018-08-17 23:46:15",0,72499060,2015010600,2015010539
559,0.71313646,0.09012244,"2018-08-17 23:46:15",1,72499061,2015010600,2015010618
560,0.57674415,0.09015228,"2018-08-17 23:47:15",0,72499125,2015015279,2014971059
561,0.01336585,0.09015228,"2018-08-17 23:47:16",0,72499128,2015015331,2014971059
562,0.11802,0.09032998,"2018-08-17 23:47:16",0,72499129,2015015331,2014971084
563,0.39025903,0.09077506,"2018-08-17 23:47:16",0,72499130,2015015331,2015015285
564,0.05255635,0.09077517,"2018-08-17 23:47:17",0,72499131,2015015331,2015014655
565,0.01524,0.09040154,"2018-08-17 23:51:41",1,72499502,2015033399,2015033413
566,0.37363007,0.09099,"2018-08-17 23:57:25",0,72499867,2015057247,2015049542
567,0.01104693,0.09099,"2018-08-17 23:57:27",0,72499871,2015057331,2015049542
568,0.0804,0.091,"2018-08-17 23:57:27",0,72499873,2015057331,1991285419
569,0.29301026,0.09147945,"2018-08-17 23:57:27",0,72499874,2015057331,2015056646
570,0.30598033,0.0915,"2018-08-17 23:58:59",0,72499985,2015062124,1984934599
571,0.013,0.0915,"2018-08-17 23:59:53",0,72500051,2015064705,1984934599
572,0.02242977,0.0913364,"2018-08-18 00:02:47",1,72500439,2015077572,2015077621
573,0.02267823,0.09133896,"2018-08-18 00:04:58",1,72500565,2015087153,2015087185
574,0.00101967,0.0915,"2018-08-18 00:06:24",0,72500711,2015093010,1984934599
575,1.02174406,0.09173976,"2018-08-18 00:06:26",1,72500714,2015093010,2015093041
576,0.19669725,0.09150204,"2018-08-18 00:09:46",1,72500887,2015107111,2015107158
577,0.20100502,0.09150204,"2018-08-18 00:09:47",1,72500894,2015107111,2015107257
578,0.2307279,0.09130695,"2018-08-18 00:09:52",1,72500900,2015107575,2015107617
579,0.37112606,0.09130678,"2018-08-18 00:11:07",1,72500942,2015108835,2015112205
580,0.9569735,0.09130678,"2018-08-18 00:11:50",1,72500973,2015113023,2015114258
581,1.39330037,0.0913068,"2018-08-18 00:11:51",1,72500974,2015114277,2015114299
582,0.01119276,0.09113034,"2018-08-18 00:14:14",1,72501061,2015070359,2015122782
583,0.00017264,0.09105623,"2018-08-18 00:14:14",1,72501062,2015090260,2015122782
584,0.035751,0.0910563,"2018-08-18 00:23:35",1,72501391,2015157328,2015157379
585,0.05,0.09105922,"2018-08-18 00:34:00",1,72501751,2015197722,2015197729
586,0.05,0.09105819,"2018-08-18 00:35:26",1,72501831,2015203091,2015203106
587,0.05,0.09105893,"2018-08-18 00:35:44",1,72501855,2015204167,2015204178
588,0.05,0.09106442,"2018-08-18 00:36:05",1,72501907,2015205808,2015205869
589,0.064454,0.09106501,"2018-08-18 00:36:11",1,72501910,2015206208,2015206214
590,0.05,0.0910661,"2018-08-18 00:36:22",1,72501923,2015207118,2015207138
591,0.05,0.09106717,"2018-08-18 00:36:33",1,72501927,2015207913,2015207967
592,0.05,0.09106974,"2018-08-18 00:36:52",1,72501943,2015209336,2015209361
593,0.39770227,0.09145274,"2018-08-18 00:37:44",0,72502063,2015212862,2015212821
594,0.12509359,0.09145274,"2018-08-18 00:37:45",0,72502064,2015212862,2015212835
595,2.86420414,0.09149998,"2018-08-18 00:37:45",0,72502065,2015212862,2015212761
596,0.05,0.09118523,"2018-08-18 00:38:33",1,72502130,2015215838,2015215845
597,0.05,0.0911858,"2018-08-18 00:38:50",1,72502143,2015216704,2015216723
598,0.05,0.09120068,"2018-08-18 00:39:14",1,72502167,2015218311,2015218321
599,0.05,0.09121185,"2018-08-18 00:39:48",1,72502212,2015220973,2015220995
600,0.05,0.09122737,"2018-08-18 00:40:14",1,72502251,2015223009,2015223015
601,0.05335693,0.09134249,"2018-08-18 00:40:33",1,72502268,2015224205,2015224206
602,0.04283868,0.0917055,"2018-08-18 00:41:19",0,72502328,2015226898,2015125510
603,0.012,0.09174,"2018-08-18 00:41:19",0,72502329,2015226898,2015090692
604,0.89012319,0.09151846,"2018-08-18 00:41:44",1,72502391,2015228562,2015228576
605,0.10987671,0.09151853,"2018-08-18 00:41:46",1,72502401,2015228639,2015228689
606,0.03669173,0.09170372,"2018-08-18 00:42:28",1,72502568,2015231673,2015231679
607,0.06063419,0.09182015,"2018-08-18 00:44:51",1,72502741,2015240449,2015240457
608,1,0.0919,"2018-08-18 00:53:13",0,72503614,2015273079,2015272997
609,0.36330827,0.09189744,"2018-08-18 00:56:50",1,72503835,2015289197,2015289248
610,0.181,0.09189745,"2018-08-18 00:56:50",1,72503837,2015289261,2015289287
611,0.18230827,0.09189745,"2018-08-18 00:56:51",1,72503838,2015289261,2015289320
612,0.181,0.09170288,"2018-08-18 00:56:51",1,72503839,2015231808,2015289320
613,0.242,0.09170288,"2018-08-18 00:56:52",1,72503842,2015231808,2015289381
614,0.12,0.09170118,"2018-08-18 00:56:52",1,72503843,2015229751,2015289381
615,0.00130827,0.09164147,"2018-08-18 00:56:52",1,72503844,2015289356,2015289381
616,0.01113035,0.09164131,"2018-08-18 00:56:53",1,72503848,2015229406,2015289459
617,0.01113824,0.09157642,"2018-08-18 00:56:54",1,72503850,2015229505,2015289459
618,0.34103968,0.09129981,"2018-08-18 00:56:54",1,72503851,2015289002,2015289459
619,0.36330827,0.09129981,"2018-08-18 00:56:55",1,72503852,2015289002,2015289560
620,0.36330827,0.09129982,"2018-08-18 00:56:56",1,72503853,2015289583,2015289688
621,0.36330827,0.09129983,"2018-08-18 00:56:58",1,72503855,2015289711,2015289773
622,0.39148653,0.09194799,"2018-08-18 01:01:47",0,72504082,2015309998,2015307804
623,0.37182174,0.09227999,"2018-08-18 01:10:23",0,72504620,2015344982,2015340762
624,1,0.09228,"2018-08-18 01:10:25",0,72504624,2015344982,2015340692
625,2.2904811,0.09240997,"2018-08-18 01:10:25",0,72504625,2015344982,2015341013
626,0.39999999,0.09186539,"2018-08-18 01:16:18",1,72504970,2015369509,2015369527
627,0.4,0.09136652,"2018-08-18 01:16:20",1,72504972,2015369564,2015369632
628,0.4,0.09148115,"2018-08-18 01:16:21",1,72504974,2015369684,2015369721
629,0.4,0.09136673,"2018-08-18 01:16:22",1,72504978,2015369659,2015369817
630,0.4,0.09136673,"2018-08-18 01:16:24",1,72504990,2015369659,2015369927
631,0.4,0.09136673,"2018-08-18 01:16:25",1,72505003,2015369659,2015370022
632,0.4,0.09136675,"2018-08-18 01:16:26",1,72505017,2015370091,2015370108
633,0.4,0.09148136,"2018-08-18 01:16:27",1,72505027,2015370198,2015370200
634,0.377,0.09148136,"2018-08-18 01:16:28",1,72505036,2015370198,2015370298
635,0.242,0.09148136,"2018-08-18 01:16:30",1,72505050,2015370198,2015370380
636,0.0579625,0.09120744,"2018-08-18 01:30:56",1,72505712,2015432524,2015432566
637,0.01118381,0.09120329,"2018-08-18 01:31:07",1,72505780,2015315540,2015433423
638,0.01102923,0.09105623,"2018-08-18 01:31:09",1,72505782,2015090260,2015433572
639,0.01120216,0.09105388,"2018-08-18 01:31:09",1,72505783,2015315514,2015433572
640,0.4888107,0.09072004,"2018-08-18 01:31:09",1,72505784,2015432992,2015433572
641,0.38547684,0.09063906,"2018-08-18 01:31:10",1,72505785,2015432351,2015433572
642,0.74549842,0.09118576,"2018-08-18 01:33:59",0,72505930,2015446041,2015446018
643,0.39999999,0.09118578,"2018-08-18 01:33:59",0,72505931,2015446041,2015445991
644,8.64,0.09118578,"2018-08-18 01:33:59",0,72505932,2015446041,2015446000
645,0.21450159,0.0911861,"2018-08-18 01:33:59",0,72505933,2015446041,2015445713
646,8.64,0.09118567,"2018-08-18 01:34:22",0,72505946,2015447619,2015447599
647,1.36,0.09118568,"2018-08-18 01:34:22",0,72505947,2015447619,2015447491
648,10,0.09141436,"2018-08-18 01:35:09",0,72505966,2015450282,2015450272
649,8.64,0.09141228,"2018-08-18 01:35:50",0,72505987,2015453124,2015453052
650,1.19423581,0.09141228,"2018-08-18 01:35:50",0,72505988,2015453124,2015453101
651,0.16576419,0.09141229,"2018-08-18 01:35:50",0,72505989,2015453124,2015453012
652,0.35,0.09078322,"2018-08-18 01:37:48",1,72506115,2015461661,2015461795
653,0.4,0.09078323,"2018-08-18 01:37:48",1,72506116,2015461797,2015461807
654,0.10988984,0.09078319,"2018-08-18 01:37:49",0,72506121,2015461916,2015461807
655,1.057,0.09077829,"2018-08-18 01:38:35",1,72506168,2015465582,2015465650
656,1.9327976,0.09061019,"2018-08-18 01:39:39",1,72506258,2015469918,2015470349
657,0.9022024,0.09061019,"2018-08-18 01:39:39",1,72506259,2015470039,2015470349
658,0.035,0.091148,"2018-08-18 02:27:36",1,72507535,2015666218,2015666236
659,0.39674565,0.09072916,"2018-08-18 03:29:52",0,72509724,2015920847,2015920789
660,0.39977947,0.09072915,"2018-08-18 03:29:53",0,72509729,2015920950,2015920891
661,0.00022053,0.09072915,"2018-08-18 03:29:54",0,72509734,2015920977,2015920891
662,0.10055322,0.09049533,"2018-08-18 03:31:37",1,72509768,2015928389,2015928405
663,0.39743189,0.09057251,"2018-08-18 05:49:29",1,72512605,2016405285,2016405304
664,0.4,0.09018799,"2018-08-18 05:49:31",1,72512613,2016402542,2016405403
665,0.45598945,0.09071677,"2018-08-18 06:19:40",0,72513169,2016505932,2016505905
666,0.01428958,0.09069544,"2018-08-18 06:30:33",0,72513558,2016543681,2016543676
667,0.06360334,0.09007037,"2018-08-18 06:39:11",1,72513968,2016573364,2016573391
668,0.06360334,0.08957303,"2018-08-18 06:39:25",1,72513992,2016573795,2016574518
669,0.06360334,0.08957299,"2018-08-18 06:39:26",1,72513997,2014971073,2016574631
670,0.02237312,0.08957299,"2018-08-18 06:39:28",1,72514001,2014971073,2016574747
671,0.04123022,0.08936702,"2018-08-18 06:39:28",1,72514002,2016574290,2016574747
672,0.06360334,0.08936702,"2018-08-18 06:39:29",1,72514005,2016574290,2016574858
673,0.06360334,0.08936702,"2018-08-18 06:39:30",1,72514006,2016574290,2016574943
674,0.052,0.08936703,"2018-08-18 06:39:32",1,72514007,2016575018,2016575050
675,0.06360334,0.08936702,"2018-08-18 06:39:33",1,72514008,2016574290,2016575136
676,0.049,0.08936701,"2018-08-18 06:44:00",0,72514350,2016593205,2016592712
677,0.049,0.08996908,"2018-08-18 06:44:02",0,72514352,2016593309,2016593265
678,0.049,0.08996906,"2018-08-18 06:44:03",0,72514354,2016593388,2016593381
679,2.54841149,0.08993969,"2018-08-18 06:49:08",0,72514502,2016609507,2016609501
680,0.351,0.08993971,"2018-08-18 06:49:08",0,72514503,2016609507,2016609480
681,1.29925964,0.08993971,"2018-08-18 06:49:08",0,72514504,2016609507,2016609481
682,5.80132887,0.08993971,"2018-08-18 06:49:08",0,72514505,2016609507,2016609488
683,0.90657786,0.0898911,"2018-08-18 06:53:20",0,72514722,2016623810,2016623801
684,0.90657796,0.08989089,"2018-08-18 06:53:21",0,72514723,2016623871,2016623859
685,0.19329,0.08987121,"2018-08-18 06:54:04",0,72514743,2016626296,2016626264
686,0.08900737,0.08987121,"2018-08-18 06:54:04",1,72514745,2016626296,2016626321
687,0.01725034,0.08987121,"2018-08-18 06:54:05",1,72514746,2016626296,2016626335
688,0.10625771,0.08937453,"2018-08-18 06:54:12",1,72514752,2016626836,2016626850
689,0.10625771,0.08937454,"2018-08-18 06:54:13",1,72514753,2016626884,2016626938
690,0.029,0.08937455,"2018-08-18 06:54:15",1,72514754,2016627004,2016627009
691,0.10625771,0.08937456,"2018-08-18 06:54:16",1,72514755,2016627047,2016627060
692,0.10625771,0.08937457,"2018-08-18 06:54:17",1,72514756,2016627089,2016627115
693,1.30446129,0.08937726,"2018-08-18 06:56:09",1,72514872,2016632814,2016632833
694,0.05222687,0.08937726,"2018-08-18 06:56:09",1,72514873,2016632816,2016632833
695,2.25631184,0.08937722,"2018-08-18 06:56:10",0,72514875,2016632873,2016632833
696,0.732599,0.08980072,"2018-08-18 06:56:10",0,72514876,2016632889,2016632858
697,0.62722805,0.08936052,"2018-08-18 06:56:46",1,72514941,2016633658,2016634591
698,0.09525,0.08931687,"2018-08-18 06:57:11",1,72514996,2014971090,2016636056
699,0.409713,0.08893041,"2018-08-18 06:58:01",1,72515106,2016636102,2016639514
700,0.92029831,0.08879569,"2018-08-18 06:59:35",0,72515263,2016646305,2016646297
701,0.92031469,0.08879551,"2018-08-18 06:59:37",0,72515268,2016646420,2016646348
702,0.90426402,0.08845984,"2018-08-18 06:59:58",0,72515294,2016647721,2016647720
703,0.10632303,0.08869555,"2018-08-18 07:01:45",0,72515415,2016654953,2016654926
704,0.04326707,0.08803728,"2018-08-18 07:04:31",1,72515752,2015240824,2016665386
705,0.4,0.08818827,"2018-08-18 07:08:06",0,72516183,2016680909,2016680905
706,0.38643438,0.08818951,"2018-08-18 07:08:07",0,72516184,2016680909,2016676295
707,0.38596491,0.08836179,"2018-08-18 07:42:02",1,72517211,2016799325,2016799345
708,0.38417615,0.08849222,"2018-08-18 08:28:02",0,72518531,2016955632,2016955572
709,0.38596491,0.08849221,"2018-08-18 08:28:02",0,72518533,2016955675,2016955662
710,0.46751,0.08919398,"2018-08-18 08:29:18",0,72518576,2016961146,2016960911
711,0.945839,0.0892589,"2018-08-18 08:29:39",1,72518581,2016962384,2016962407
712,0.566942,0.08925891,"2018-08-18 08:29:40",1,72518582,2016962432,2016962439
713,0.566942,0.0892589,"2018-08-18 08:29:43",1,72518584,2016962384,2016962599
714,0.17803193,0.08986253,"2018-08-18 08:47:45",0,72519127,2017021536,2017005552
715,0.07764,0.08987117,"2018-08-18 08:48:13",0,72519155,2017023110,2017023107
716,0.00012,0.089867,"2018-08-18 08:50:20",1,72519211,2017021796,2017030032
717,0.4,0.08953857,"2018-08-18 08:50:22",0,72519212,2017030075,2017030032
718,5.609,0.08935557,"2018-08-18 08:50:22",1,72519213,2017027740,2017030032
719,0.90554454,0.08935557,"2018-08-18 08:50:22",1,72519214,2017027786,2017030032
720,0.4,0.08935554,"2018-08-18 08:50:22",0,72519215,2017030139,2017030032
721,0.45109,0.08935554,"2018-08-18 08:50:22",1,72519216,2017028125,2017030032
722,6,0.0893555,"2018-08-18 08:50:22",1,72519217,2017027395,2017030032
723,1.23424546,0.08927504,"2018-08-18 08:50:22",1,72519218,2017029473,2017030032
724,0.19329,0.08954874,"2018-08-18 09:37:16",0,72520394,2017181839,2017181814
725,0.80671,0.08954895,"2018-08-18 09:37:16",0,72520395,2017181839,2017181778
726,2.22886753,0.08951676,"2018-08-18 09:41:30",0,72520514,2017196023,2017195991
727,0.19329,0.08885831,"2018-08-18 10:03:38",1,72520875,2017260404,2017260428
728,2.42886485,0.08885831,"2018-08-18 10:03:38",0,72520876,2017260437,2017260428
729,7.37784515,0.08885831,"2018-08-18 10:03:38",0,72520877,2017260469,2017260428
730,8.64,0.08885864,"2018-08-18 10:04:24",1,72520895,2017263248,2017263296
731,1.36,0.08885864,"2018-08-18 10:04:24",1,72520896,2017263290,2017263296
732,0.15366678,0.08938715,"2018-08-18 10:05:02",0,72520919,2017265924,2017265923
733,0.01563,0.08966179,"2018-08-18 11:14:51",1,72522455,2017494311,2017494345
734,0.10625771,0.08987121,"2018-08-18 11:15:09",0,72522457,2017495209,2016626377
735,0.04803468,0.09007487,"2018-08-18 11:15:09",0,72522458,2017495209,2017495196
736,0.01562,0.08972914,"2018-08-18 11:17:22",1,72522567,2017502624,2017502692
737,0.02220147,0.09007511,"2018-08-18 11:32:14",0,72522965,2017555783,2017057468
738,1,0.08928651,"2018-08-18 13:02:49",0,72525340,2017834026,2017834011
739,0.15606,0.08891473,"2018-08-18 13:07:14",0,72526634,2017855850,2017855803
740,0.2249254,0.08890948,"2018-08-18 13:11:31",0,72527335,2017874295,2017873968
741,0.574053,0.08890948,"2018-08-18 13:11:37",0,72527379,2017874878,2017873968
742,0.12120344,0.08928296,"2018-08-18 13:14:43",0,72527970,2017889605,2017889559
743,0.15352198,0.08818607,"2018-08-18 13:24:04",1,72528922,2017930625,2017930729
744,0.0116,0.08876373,"2018-08-18 13:32:05",0,72529408,2017962054,2017961318
745,0.08,0.08876373,"2018-08-18 13:32:05",0,72529409,2017962065,2017961318
746,0.04764371,0.08927256,"2018-08-18 13:33:52",0,72529546,2017969752,2017965832
747,0.0400603,0.08852056,"2018-08-18 14:00:03",1,72531240,2018077558,2018077733
748,0.16406047,0.0888,"2018-08-18 14:20:07",0,72532195,2018155982,2018152751
749,0.32,0.0888,"2018-08-18 14:25:55",0,72532372,2018176701,2018152751
750,0.2,0.08849998,"2018-08-18 14:34:46",0,72532606,2018207575,2018207418
751,0.36938292,0.08734891,"2018-08-18 15:04:19",1,72534539,2018318053,2018318122
752,1.27847446,0.0873489,"2018-08-18 15:04:19",1,72534542,2018318101,2018318122
753,0.60284262,0.08734889,"2018-08-18 15:04:19",1,72534543,2018317967,2018318122
754,0.267,0.08734889,"2018-08-18 15:04:19",1,72534546,2018317967,2018318145
755,0.455,0.08724827,"2018-08-18 15:05:48",1,72534919,2018318592,2018325788
756,0.00108,0.08724827,"2018-08-18 15:05:49",1,72534920,2018318592,2018325843
757,0.51492,0.08690921,"2018-08-18 15:13:31",1,72535854,2018360337,2018360637
758,0.25387689,0.08690921,"2018-08-18 15:13:31",0,72535855,2018360694,2018360637
759,0.05087999,0.08690917,"2018-08-18 15:13:32",1,72535856,2014838387,2018360637
760,0.10319,0.08671798,"2018-08-18 15:13:32",1,72535857,2018360374,2018360637
761,1.51233191,0.08671797,"2018-08-18 15:13:32",1,72535860,2018359506,2018360637
762,0.05983241,0.08671733,"2018-08-18 15:20:34",1,72536433,2014838224,2018388868
763,0.05983241,0.08623086,"2018-08-18 15:20:35",1,72536434,2018388791,2018388871
764,0.01603845,0.08660346,"2018-08-18 15:26:38",0,72536855,2018413260,2018413226
765,0.1,0.08689878,"2018-08-18 16:09:45",0,72538265,2018573778,2018573776
766,0.48578138,0.08645,"2018-08-18 16:17:12",0,72538558,2018600498,2018597631
767,0.013,0.08645,"2018-08-18 16:19:56",0,72538767,2018612249,2018597631
768,0.50602103,0.08616949,"2018-08-18 16:29:19",0,72539848,2018650466,2018650425
769,0.17634,0.08607349,"2018-08-18 16:30:14",0,72539904,2018654321,2018654316
770,0.07366,0.08607346,"2018-08-18 16:30:16",0,72539913,2018654523,2018654492
771,0.07036003,0.08574021,"2018-08-18 16:30:27",1,72539919,2014699909,2018655373
772,0.08274,0.08568733,"2018-08-18 16:32:52",1,72540075,2014699723,2018664669
773,0.08274,0.08527009,"2018-08-18 16:33:06",1,72540087,2018664752,2018665271
774,0.08274,0.08527011,"2018-08-18 16:33:08",1,72540090,2018665288,2018665338
775,0.45765948,0.08527013,"2018-08-18 16:34:48",1,72540198,2018671910,2018671983
776,0.04384052,0.08527011,"2018-08-18 16:34:48",1,72540199,2018671884,2018671983
777,0.0695,0.08527011,"2018-08-18 16:34:50",1,72540207,2018671884,2018672065
778,0.6132,0.08527011,"2018-08-18 16:34:50",1,72540209,2018671884,2018672092
779,0.02664948,0.08527011,"2018-08-18 16:34:51",1,72540210,2018671884,2018672139
780,0.447721,0.08527007,"2018-08-18 16:34:51",1,72540211,2018664733,2018672139
781,0.01196311,0.08526214,"2018-08-18 16:46:02",0,72541135,2018714466,2018689545
782,0.01196281,0.08526427,"2018-08-18 16:46:02",0,72541138,2018714466,2018704472
783,0.01196221,0.08526853,"2018-08-18 16:46:02",0,72541139,2018714466,2018689486
784,0.01196221,0.08526853,"2018-08-18 16:46:02",0,72541140,2018714466,2018704463
785,0.01196161,0.08527279,"2018-08-18 16:46:02",0,72541141,2018714466,2018704483
786,0.01196042,0.08528132,"2018-08-18 16:46:02",0,72541142,2018714466,2018704532
787,0.01195982,0.08528558,"2018-08-18 16:46:03",0,72541143,2018714466,2018682857
788,0.01195982,0.08528558,"2018-08-18 16:46:03",0,72541144,2018714466,2018696692
789,0.01195982,0.08528558,"2018-08-18 16:46:03",0,72541146,2018714466,2018704493
790,0.01195922,0.08528984,"2018-08-18 16:46:03",0,72541147,2018714466,2018682760
791,0.01195922,0.08528984,"2018-08-18 16:46:03",0,72541148,2018714466,2018689635
792,0.01195922,0.08528984,"2018-08-18 16:46:03",0,72541149,2018714466,2018704552
793,0.01195743,0.08530264,"2018-08-18 16:46:03",0,72541150,2018714466,2018704608
794,0.01195623,0.08531116,"2018-08-18 16:46:03",0,72541151,2018714466,2018682801
795,0.01195623,0.08531116,"2018-08-18 16:46:03",0,72541152,2018714466,2018704571
796,0.00438798,0.08531543,"2018-08-18 16:46:03",0,72541153,2018714466,2018689749
797,0.00756765,0.08531543,"2018-08-18 16:47:13",0,72541221,2018719772,2018689749
798,0.01195504,0.08531969,"2018-08-18 16:47:13",0,72541222,2018719772,2018689713
799,0.01195504,0.08531969,"2018-08-18 16:47:14",0,72541223,2018719772,2018696788
800,0.01194901,0.08536274,"2018-08-18 16:47:20",0,72541226,2018720264,2018689781
801,0.0119478,0.08537137,"2018-08-18 16:47:20",0,72541227,2018720264,2018689848
802,0.00758092,0.08537137,"2018-08-18 16:47:20",0,72541228,2018720264,2018696878
803,0.00436688,0.08537137,"2018-08-18 16:47:45",0,72541250,2018722161,2018696878
804,0.01194659,0.08538001,"2018-08-18 16:47:45",0,72541251,2018722161,2018682863
805,0.01194659,0.08538001,"2018-08-18 16:47:45",0,72541252,2018722161,2018696842
806,0.01194659,0.08538001,"2018-08-18 16:47:45",0,72541253,2018722161,2018704656
807,0.01193935,0.08543181,"2018-08-18 16:47:46",0,72541254,2018722256,2018704712
808,0.01193694,0.08544907,"2018-08-18 16:47:46",0,72541255,2018722256,2018682970
809,0.01193694,0.08544907,"2018-08-18 16:47:46",0,72541256,2018722256,2018689933
810,0.00439342,0.08544907,"2018-08-18 16:47:47",0,72541257,2018722256,2018696942
811,0.00754352,0.08544907,"2018-08-18 16:47:50",0,72541261,2018722518,2018696942
812,0.01193694,0.08544907,"2018-08-18 16:47:50",0,72541262,2018722518,2018704773
813,0.01193452,0.08546634,"2018-08-18 16:47:50",0,72541263,2018722518,2018682900
814,0.00879167,0.08546634,"2018-08-18 16:47:50",0,72541264,2018722518,2018696894
815,0.00314285,0.08546634,"2018-08-18 16:47:51",0,72541265,2018722614,2018696894
816,0.01192128,0.0855613,"2018-08-18 16:47:51",0,72541266,2018722614,2018690087
817,0.01192008,0.08556993,"2018-08-18 16:47:51",0,72541267,2018722614,2018704889
818,0.01191527,0.08560446,"2018-08-18 16:47:51",0,72541268,2018722614,2018683040
819,0.00130717,0.08563899,"2018-08-18 16:47:51",0,72541269,2018722614,2018697018
820,0.01060329,0.08563899,"2018-08-18 16:47:53",0,72541274,2018722719,2018697018
821,0.01191046,0.08563899,"2018-08-18 16:47:53",0,72541275,2018722719,2018704874
822,0.01190326,0.08569078,"2018-08-18 16:47:53",0,72541276,2018722719,2018690046
823,0.00578964,0.08574258,"2018-08-18 16:47:53",0,72541277,2018722719,2018683066
824,0.00610643,0.08574258,"2018-08-18 16:47:54",0,72541279,2018722808,2018683066
825,0.01189607,0.08574258,"2018-08-18 16:47:54",0,72541281,2018722808,2018697007
826,0.01189607,0.08574258,"2018-08-18 16:47:54",0,72541282,2018722808,2018704851
827,0.01030808,0.08588057,"2018-08-18 16:47:54",0,72541283,2018722808,2018722742
828,0.03655563,0.0858793,"2018-08-18 16:48:56",0,72541333,2018727747,2018727730
829,0.07712653,0.08543793,"2018-08-18 17:18:20",1,72542441,2018789700,2018831049
830,0.012,0.08526,"2018-08-18 17:18:21",1,72542443,2015306483,2018831144
831,0.06512653,0.08495033,"2018-08-18 17:18:21",1,72542445,2018831058,2018831144
832,0.07712653,0.08495033,"2018-08-18 17:18:22",1,72542447,2018831058,2018831224
833,0.07712653,0.08495033,"2018-08-18 17:18:24",1,72542451,2018831058,2018831300
834,0.19329,0.08482194,"2018-08-18 17:40:36",1,72543300,2018922826,2018922915
835,0.80571,0.08482187,"2018-08-18 17:40:36",1,72543301,2018922805,2018922915
836,1.31881539,0.08551124,"2018-08-18 18:07:14",0,72544023,2019026447,2019026439
837,0.04883163,0.08551125,"2018-08-18 18:07:15",0,72544024,2019026447,2019026389
838,0.55059705,0.08551133,"2018-08-18 18:07:21",0,72544025,2019026885,2019026309
839,1.375,0.08588089,"2018-08-18 18:15:33",0,72544226,2019056658,2019055872
840,0.01187691,0.08588091,"2018-08-18 18:15:42",0,72544231,2019057273,2018690227
841,0.01187691,0.08588091,"2018-08-18 18:15:42",0,72544232,2019057273,2018697143
842,0.09273965,0.0859215,"2018-08-18 18:15:42",0,72544234,2019057273,2019056592
843,0.0118713,0.08592151,"2018-08-18 18:17:55",0,72544338,2019067173,2018829575
844,0.01186734,0.08595018,"2018-08-18 18:17:55",0,72544339,2019067173,2018686526
845,0.01186734,0.08595018,"2018-08-18 18:17:55",0,72544341,2019067173,2018697076
846,0.01186734,0.08595018,"2018-08-18 18:17:56",0,72544342,2019067173,2018704948
847,0.01186593,0.08596036,"2018-08-18 18:17:56",0,72544343,2019067173,2018667452
848,0.34016075,0.08601943,"2018-08-18 18:17:56",1,72544344,2019067173,2019067207
849,0.01185778,0.08601945,"2018-08-18 18:19:10",0,72544440,2019072795,2018690182
850,0.01185778,0.08601945,"2018-08-18 18:19:10",0,72544442,2019072795,2018697109
851,0.01184824,0.08608873,"2018-08-18 18:19:10",0,72544444,2019072795,2018686630
852,0.01184824,0.08608873,"2018-08-18 18:19:10",0,72544445,2019072795,2018697067
853,0.01184824,0.08608873,"2018-08-18 18:19:10",0,72544446,2019072795,2018704940
854,0.00412754,0.08622727,"2018-08-18 18:19:10",0,72544447,2019072795,2018690162
855,0.00770166,0.08622727,"2018-08-18 18:21:53",0,72544588,2019083277,2018690162
856,0.0118292,0.08622727,"2018-08-18 18:21:53",0,72544590,2019083277,2018697096
857,0.01181971,0.08629655,"2018-08-18 18:21:53",0,72544592,2019083277,2018697127
858,0.01180087,0.08643428,"2018-08-18 18:21:53",0,72544593,2019083277,2018653991
859,0.86407553,0.08644999,"2018-08-18 18:21:53",0,72544594,2019083277,2019082334
860,0.90724343,0.08644997,"2018-08-18 18:21:54",0,72544596,2019083374,2019083352
861,0.00121862,0.08645,"2018-08-18 18:23:11",0,72544652,2019088001,2018597631
862,0.48326582,0.0869,"2018-08-18 19:23:56",0,72545990,2019292020,2018556255
863,0.01673418,0.0869,"2018-08-18 19:23:57",0,72545991,2019292104,2018556255
864,0.06585549,0.08711723,"2018-08-18 19:24:00",0,72545994,2019292298,2019113290
865,0.05600186,0.08711723,"2018-08-18 19:24:00",0,72545996,2019292298,2019160860
866,0.04762259,0.08711723,"2018-08-18 19:24:00",0,72545997,2019292298,2019212827
867,0.04049706,0.08711723,"2018-08-18 19:24:00",0,72545998,2019292298,2019261616
868,0.13312299,0.08735947,"2018-08-18 19:24:00",0,72545999,2019292298,2019292044
869,0.04362,0.08759935,"2018-08-18 19:33:58",0,72546228,2019327137,2019293658
870,0.01809,0.08759935,"2018-08-18 19:44:57",0,72546430,2019361804,2019293658
871,1.29587157,0.08664643,"2018-08-18 20:06:16",1,72546894,2019435146,2019435183
872,0.16382843,0.08664643,"2018-08-18 20:06:16",0,72546896,2019435202,2019435183
873,0.84,0.08617303,"2018-08-18 20:09:14",1,72546933,2019444181,2019445711
874,1.703,0.08617303,"2018-08-18 20:09:14",1,72546934,2019444181,2019445716
875,0.57794064,0.08629779,"2018-08-18 20:26:50",0,72547252,2019505999,2019505984
876,3.40063997,0.08678676,"2018-08-18 21:32:26",1,72549350,2019740042,2019740058
877,0.015,0.087158,"2018-08-18 21:48:55",0,72550130,2019813686,2019811954
878,0.71943314,0.0875964,"2018-08-18 22:06:06",0,72550667,2019880102,2019880093
879,0.28056686,0.08759641,"2018-08-18 22:06:06",0,72550668,2019880102,2019880044
880,1.29155238,0.08723362,"2018-08-18 22:09:03",1,72550774,2019892596,2019892650
881,2.10844762,0.08723362,"2018-08-18 22:09:04",1,72550775,2019892609,2019892650
882,5.14454,0.08723364,"2018-08-18 22:09:05",1,72550781,2019892755,2019892758
883,4.7671,0.08723364,"2018-08-18 22:09:06",1,72550782,2019892755,2019892804
884,2.70826773,0.0875982,"2018-08-18 22:10:56",0,72550892,2019899844,2019899641
885,0.20546043,0.08759935,"2018-08-18 22:23:20",0,72551584,2019945398,2019293658
886,0.146,0.08759935,"2018-08-18 22:24:10",0,72551609,2019948309,2019293658
887,0.01613,0.08694545,"2018-08-18 22:39:52",1,72552227,2020005804,2020005810
888,0.01549,0.0869461,"2018-08-18 22:40:32",1,72552258,2020007886,2020007901
889,0.53507378,0.087265,"2018-08-18 22:41:26",1,72552269,2020010246,2020010711
890,0.53507378,0.08694686,"2018-08-18 22:41:28",1,72552271,2020010814,2020010845
891,0.01613,0.086947,"2018-08-18 22:41:50",1,72552278,2020012007,2020012045
892,0.01166846,0.08741514,"2018-08-18 23:09:06",0,72552889,2020101478,2020091385
893,0.25673154,0.08757035,"2018-08-18 23:09:06",0,72552890,2020101478,2020101449
894,2.67983536,0.08695222,"2018-08-18 23:32:50",1,72553360,2020178628,2020180565
895,0.72016464,0.08695134,"2018-08-18 23:32:50",1,72553361,2020175681,2020180565
896,0.11014496,0.08695222,"2018-08-18 23:32:51",0,72553366,2020180609,2020180568
897,1.38985504,0.08695222,"2018-08-18 23:32:51",0,72553368,2020180634,2020180568
898,0.1,0.087032,"2018-08-18 23:32:51",1,72553370,2020180634,2020180640
899,0.32199402,0.08694944,"2018-08-18 23:33:56",1,72553387,2020021130,2020184067
900,0.01941598,0.08694944,"2018-08-18 23:35:37",1,72553418,2020021130,2020189773
901,0.06837,0.08679709,"2018-08-18 23:35:37",1,72553419,2020021154,2020189773
902,0.08778598,0.08649655,"2018-08-18 23:35:39",1,72553420,2020189483,2020189841
903,3.21558663,0.08657441,"2018-08-18 23:43:18",1,72553482,2020211115,2020211134
904,0.05371227,0.086422,"2018-08-19 00:10:46",0,72554230,2020298070,2020287455
905,0.05371227,0.086422,"2018-08-19 00:10:51",0,72554234,2020298345,2020287455
906,0.00000001,0.086422,"2018-08-19 00:10:56",0,72554235,2020298623,2020287455
907,0.0362181,0.08675059,"2018-08-19 00:10:58",1,72554237,2020298623,2020298689
908,0.15,0.08615,"2018-08-19 00:50:53",1,72555010,2020434037,2020451515
909,0.081,0.08615,"2018-08-19 00:50:54",1,72555011,2020434037,2020451594
910,0.139278,0.08615,"2018-08-19 01:20:38",0,72555470,2020558236,2020451594
911,0.009722,0.08615,"2018-08-19 01:22:41",0,72555508,2020565987,2020451594
912,4.334,0.08654,"2018-08-19 01:23:26",0,72555518,2020568487,2020486353
913,0.309,0.08654,"2018-08-19 01:23:27",0,72555519,2020568510,2020486353
914,0.357,0.08654,"2018-08-19 01:26:50",0,72555575,2020579093,2020486353
915,0.01177835,0.08659953,"2018-08-19 01:26:51",0,72555577,2020579093,2020388733
916,1.24722165,0.08675068,"2018-08-19 01:26:51",0,72555579,2020579093,2020579003
917,0.01187643,0.08588443,"2018-08-19 02:10:48",0,72556374,2020726527,2020708696
918,0.01187525,0.08589292,"2018-08-19 02:10:48",0,72556375,2020726527,2020717049
919,0.01187524,0.08589302,"2018-08-19 02:12:16",0,72556393,2020731295,2020708694
920,0.01189703,0.08590151,"2018-08-19 02:12:17",0,72556394,2020731295,2020717164
921,0.01187346,0.0859059,"2018-08-19 02:12:17",0,72556395,2020731295,2020708698
922,0.01187286,0.08591019,"2018-08-19 02:12:17",0,72556396,2020731295,2020708766
923,0.01187284,0.08591038,"2018-08-19 02:13:32",0,72556406,2020734759,2020701109
924,0.01186991,0.08593156,"2018-08-19 02:13:32",0,72556407,2020734759,2020717079
925,0.01186987,0.08593185,"2018-08-19 02:20:35",0,72556461,2020756479,2020678397
926,0.01186873,0.08594014,"2018-08-19 02:20:37",0,72556462,2020756479,2020717094
927,0.01186871,0.08594024,"2018-08-19 02:20:37",0,72556463,2020756479,2020708717
928,0.0008385,0.08596642,"2018-08-19 02:20:37",0,72556464,2020756479,2020701161
929,0.0110266,0.08596642,"2018-08-19 02:20:40",0,72556465,2020756692,2020701161
930,0.01186274,0.08598352,"2018-08-19 02:20:42",0,72556466,2020756692,2020717100
931,0.01186272,0.08598362,"2018-08-19 02:20:42",0,72556467,2020756692,2020708720
932,0.00169375,0.08600101,"2018-08-19 02:20:42",0,72556468,2020756692,2020708729
933,0.01016658,0.08600101,"2018-08-19 02:20:46",0,72556470,2020756944,2020708729
934,0.01185554,0.0860357,"2018-08-19 02:20:47",0,72556471,2020756944,2020717149
935,0.0118555,0.08603599,"2018-08-19 02:20:47",0,72556472,2020756944,2020701284
936,0.00256819,0.08605309,"2018-08-19 02:20:47",0,72556473,2020756944,2020717250
937,0.00928496,0.08605309,"2018-08-19 02:24:20",0,72556513,2020766789,2020717250
938,0.01185194,0.08606184,"2018-08-19 02:24:38",0,72556519,2020767685,2020757704
939,0.01184832,0.08608815,"2018-08-19 02:25:58",0,72556530,2020770900,2020701167
940,0.01184358,0.08612264,"2018-08-19 02:28:05",0,72556549,2020776239,2020717129
941,0.01183691,0.08617114,"2018-08-19 02:40:56",0,72556717,2020811967,2020730295
942,0.01181971,0.08629655,"2018-08-19 02:47:31",0,72556854,2020831754,2020717157
943,0.01181969,0.08629665,"2018-08-19 02:47:31",0,72556855,2020831754,2020708768
944,0.01181967,0.08629684,"2018-08-19 02:50:01",0,72556882,2020838010,2020701208
945,0.01181491,0.08633162,"2018-08-19 02:50:04",0,72556884,2020838163,2020701223
946,0.0118126,0.08634848,"2018-08-19 02:50:04",0,72556886,2020838163,2020757710
947,0.01181019,0.08636611,"2018-08-19 02:50:07",0,72556887,2020838271,2020717279
948,0.01181015,0.08636641,"2018-08-19 02:50:07",0,72556888,2020838271,2020678452
949,0.01179116,0.08650546,"2018-08-19 02:51:23",0,72556917,2020842515,2020717222
950,1.283,0.08619228,"2018-08-19 03:35:45",1,72557586,2020968973,2020972066
951,0.125,0.08619226,"2018-08-19 03:35:58",1,72557600,2020838181,2020972954
952,0.125,0.0855604,"2018-08-19 03:36:00",1,72557605,2020972990,2020973063
953,0.125,0.0856159,"2018-08-19 03:36:05",1,72557608,2020973187,2020973309
954,0.03197,0.08612371,"2018-08-19 04:22:02",0,72558424,2021114046,2021114045
955,2.98935785,0.08696247,"2018-08-19 05:37:06",0,72559879,2021316344,2021316270
956,0.01170302,0.08715697,"2018-08-19 05:37:53",0,72559949,2021318331,2021312716
957,0.42519,0.08735797,"2018-08-19 05:40:48",0,72560024,2021325832,2021318399
958,0.01167476,0.08736797,"2018-08-19 05:40:57",0,72560033,2021326385,2021312742
959,0.01166413,0.08744757,"2018-08-19 05:40:58",0,72560034,2021326385,2020869702
960,0.28156508,0.0875705,"2018-08-19 05:40:58",0,72560035,2021326385,2020021109
961,0.72242492,0.0875705,"2018-08-19 05:41:15",0,72560048,2021327337,2020021109
962,0.01162786,0.08772033,"2018-08-19 05:41:24",0,72560054,2021328033,2021312808
963,0.2008,0.08781613,"2018-08-19 05:41:44",0,72560074,2021329096,2020021145
964,0.03444819,0.08781788,"2018-08-19 05:42:06",1,72560089,2021330291,2021330305
965,2.96555181,0.0877489,"2018-08-19 05:42:06",1,72560090,2021329056,2021330305
966,0.231,0.0873,"2018-08-19 05:55:17",0,72560372,2021370035,2021369935
967,3.63642508,0.08728985,"2018-08-19 07:57:08",0,72562392,2021729274,2021729267
968,0.17748396,0.08709519,"2018-08-19 08:05:29",0,72562548,2021752181,2021752152
969,1.115,0.08714479,"2018-08-19 09:04:28",0,72564019,2021907613,2021900451
970,0.00055382,0.08714479,"2018-08-19 09:05:50",0,72564147,2021912514,2021900451
971,3.4,0.08726503,"2018-08-19 09:23:24",1,72564867,2021962021,2021962114
972,2.9897976,0.08737424,"2018-08-19 09:30:04",1,72565037,2021976739,2021977281
973,0.4102024,0.08737412,"2018-08-19 09:30:05",1,72565038,2021970091,2021977281
974,0.87545513,0.08737424,"2018-08-19 09:31:06",0,72565086,2021979661,2021977286
975,2.54355763,0.0870701,"2018-08-19 09:48:54",1,72565395,2021967889,2022022887
976,2.9897976,0.08742241,"2018-08-19 10:51:01",0,72566637,2022192702,2022192695
977,1.28523228,0.08742243,"2018-08-19 10:51:01",0,72566638,2022192702,2022192681
978,5.72497012,0.08742307,"2018-08-19 10:51:01",0,72566639,2022192702,2022191714
979,0.0622999,0.08681654,"2018-08-19 11:04:01",1,72567000,2022227436,2022227439
980,0.13049746,0.0868144,"2018-08-19 11:04:17",1,72567010,2022223086,2022228244
981,0.082318,0.08737424,"2018-08-19 11:06:41",0,72567100,2022235817,2022202164
982,1.05860233,0.08746205,"2018-08-19 11:06:43",1,72567102,2022235817,2022235868
983,0.03443768,0.08781834,"2018-08-19 11:46:13",0,72568995,2022359316,2019313126
984,0.02928495,0.08803788,"2018-08-19 11:46:29",0,72569022,2022360214,2021339246
985,0.38106966,0.08921361,"2018-08-19 11:49:35",0,72569413,2022371433,2022366573
986,0.01563534,0.08921361,"2018-08-19 11:49:56",0,72569452,2022372769,2022366573
987,0.01560275,0.08948882,"2018-08-19 11:50:22",1,72569571,2022374670,2022374749
988,0.34499051,0.08948884,"2018-08-19 11:50:23",1,72569574,2022374782,2022374854
989,0.05,0.08834198,"2018-08-19 12:31:42",1,72571088,2022505946,2022505951
990,0.01800843,0.08902005,"2018-08-19 12:42:36",0,72571267,2022535038,2022500406
991,0.0169566,0.0892983,"2018-08-19 12:42:38",1,72571268,2022535038,2022535126
992,0.01136044,0.08928539,"2018-08-19 13:00:08",0,72571634,2022580556,2022580547
993,0.2155,0.08928064,"2018-08-19 13:12:35",1,72571994,2022617948,2022617986
994,0.2,0.08928109,"2018-08-19 13:12:44",1,72571999,2022618229,2022618470
995,0.352,0.08928208,"2018-08-19 13:13:39",1,72572030,2022621334,2022621366
996,0.03359751,0.08920836,"2018-08-19 13:20:14",0,72572211,2022639664,2022639656
997,0.01659866,0.089425,"2018-08-19 13:34:15",0,72572545,2022672780,2022643438
998,0.98340134,0.08950866,"2018-08-19 13:34:15",0,72572546,2022672780,2022671350
999,0.01302257,0.08950876,"2018-08-19 13:41:58",0,72572813,2022693764,2022580044
1000,0.08923653,0.08964042,"2018-08-19 13:42:26",0,72572823,2022695421,2022395899
1001,0.01076347,0.08964042,"2018-08-19 13:47:10",0,72572960,2022708715,2022395899
1002,0.01531392,0.08966325,"2018-08-19 13:47:17",0,72572969,2022709106,2022540999
1003,0.02490318,0.08985477,"2018-08-19 14:02:06",0,72573536,2022754253,2022409728
1004,0.02117705,0.0898644,"2018-08-19 14:02:06",0,72573539,2022754253,2022457411
1005,0.012,0.08994,"2018-08-19 14:02:06",0,72573540,2022754253,2019172813
1006,2.48500159,0.09,"2018-08-19 14:02:06",0,72573541,2022754253,2018244463
1007,2.514,0.09,"2018-08-19 14:02:25",0,72573572,2022755583,2018244463
1008,0.09,0.08970778,"2018-08-19 14:03:06",1,72573647,2022758353,2022758377
1009,0.001,0.08966325,"2018-08-19 14:45:44",1,72575307,2022709206,2022905806
1010,1.06439684,0.08845847,"2018-08-19 15:07:07",1,72576239,2022979626,2022979669
1011,0.24296,0.08845787,"2018-08-19 15:07:24",1,72576269,2022980501,2022980822
1012,0.24296,0.08821463,"2018-08-19 15:07:26",1,72576276,2022980878,2022980942
1013,0.12676306,0.0876791,"2018-08-19 16:30:16",1,72579199,2023288704,2023289080
1014,2.45644181,0.08731259,"2018-08-19 16:32:14",1,72579298,2023296862,2023296918
1015,0.9,0.08731259,"2018-08-19 16:32:14",0,72579299,2023296952,2023296918
1016,0.433,0.08731259,"2018-08-19 16:32:15",0,72579303,2023296993,2023296918
1017,0.1658523,0.08731259,"2018-08-19 16:32:15",0,72579304,2023296994,2023296918
1018,0.96371,0.08787105,"2018-08-19 16:33:21",0,72579441,2023302160,2023301164
1019,0.52103888,0.08827633,"2018-08-19 16:33:24",0,72579452,2023302377,2023302340
1020,0.422,0.08827634,"2018-08-19 16:33:24",0,72579456,2023302435,2023302271
1021,0.8477,0.08827634,"2018-08-19 16:33:25",0,72579458,2023302494,2023302271
1022,0.5979,0.08827633,"2018-08-19 16:33:31",0,72579469,2023302902,2023302857
1023,1,0.08827634,"2018-08-19 16:34:08",0,72579502,2023305090,2023302734
1024,0.1,0.08802109,"2018-08-19 17:11:21",1,72580218,2023426272,2023426306
1025,0.1483074,0.08860033,"2018-08-19 17:32:52",0,72580619,2023482948,2023407290
1026,1.8200976,0.0889264,"2018-08-19 17:32:54",1,72580620,2023482948,2023482950
1027,4.749,0.08892642,"2018-08-19 17:32:54",0,72580621,2023482948,2023482932
1028,6,0.08893219,"2018-08-19 17:32:54",0,72580622,2023482948,2023480597
1029,10,0.0889322,"2018-08-19 17:32:54",0,72580623,2023482948,2023444760
1030,0.71792,0.08900719,"2018-08-19 17:32:54",0,72580624,2023482948,2023482386
1031,6.993,0.0890072,"2018-08-19 17:32:54",1,72580625,2023482948,2023483032
1032,3.36684155,0.0890072,"2018-08-19 17:32:54",0,72580626,2023482948,2023444756
1033,0.15227384,0.08871517,"2018-08-19 19:21:32",0,72583221,2023813200,2023813125
1034,2.9897976,0.08802525,"2018-08-19 20:01:55",1,72584165,2023919524,2023919571
1035,0.27814886,0.0876396,"2018-08-19 20:22:01",1,72584845,2023983440,2023983450
1036,0.27782425,0.08824046,"2018-08-19 20:57:06",0,72587634,2024110083,2024109942
1037,2.98917575,0.08824047,"2018-08-19 20:57:06",0,72587636,2024110083,2024109878
1038,0.90818081,0.08753773,"2018-08-19 21:01:09",1,72588078,2024127709,2024127724
1039,0.20608794,0.08821962,"2018-08-19 22:55:13",0,72591743,2024524269,2024524250
1040,0.90660492,0.08815779,"2018-08-19 23:46:18",0,72592971,2024689795,2024688588
1041,0.00415608,0.0881578,"2018-08-19 23:46:18",0,72592972,2024689795,2024683214
1042,0.71349,0.08822429,"2018-08-19 23:46:18",0,72592974,2024689824,2024688311
1043,8,0.0882243,"2018-08-19 23:46:18",0,72592975,2024689824,2024679681
1044,0.02562,0.0887,"2018-08-20 00:14:00",0,72593773,2024771522,2024608337
1045,0.02665,0.0887,"2018-08-20 00:14:29",0,72593785,2024772682,2024608337
1046,0.75,0.08869999,"2018-08-20 00:29:07",0,72594139,2024813353,2024811826
1047,0.02430849,0.08775263,"2018-08-20 01:28:54",1,72595422,2024975490,2024986087
1048,0.34538,0.08832887,"2018-08-20 01:56:44",0,72596076,2025057983,2025057831
1049,2.964,0.08775267,"2018-08-20 03:33:37",1,72599366,2025364464,2025368206
1050,0.1,0.0876292,"2018-08-20 03:34:54",0,72599386,2025372402,2025372322
1051,1,0.08728756,"2018-08-20 03:58:35",1,72599822,2025445244,2025445292
1052,0.91650869,0.08728777,"2018-08-20 03:58:38",1,72599826,2025445362,2025445429
1053,8.64,0.08728758,"2018-08-20 03:58:38",1,72599827,2025445389,2025445429
1054,2.44349131,0.08728757,"2018-08-20 03:58:38",1,72599828,2025445315,2025445429
1055,1,0.08728778,"2018-08-20 03:58:39",1,72599831,2025445447,2025445487
1056,12,0.08728801,"2018-08-20 03:58:41",1,72599836,2025445610,2025445639
1057,0.28586721,0.08728962,"2018-08-20 03:58:44",1,72599843,2025445837,2025445907
1058,11.71413279,0.08728962,"2018-08-20 03:58:44",1,72599844,2025445854,2025445907
1059,1,0.08728962,"2018-08-20 03:58:46",1,72599845,2025445854,2025445979
1060,1,0.08729005,"2018-08-20 03:58:49",1,72599855,2025446187,2025446198
1061,2.98893034,0.08772577,"2018-08-20 04:19:56",0,72600409,2025508609,2025508584
1062,1.28491906,0.08772579,"2018-08-20 04:19:56",0,72600411,2025508609,2025508547
1063,1,0.08772594,"2018-08-20 04:19:56",0,72600413,2025508609,2025508341
1064,13,0.0878225,"2018-08-20 04:19:57",0,72600416,2025508609,2025500580
1065,12,0.08782409,"2018-08-20 04:19:57",0,72600418,2025508609,2025446249
1066,2.9897976,0.0874132,"2018-08-20 04:44:42",1,72601254,2025580939,2025580992
1067,1.2852024,0.08741318,"2018-08-20 04:44:42",1,72601255,2025580916,2025580992
1068,1.27957675,0.08752019,"2018-08-20 06:35:14",0,72604674,2025929743,2025929691
1069,0.390924,0.08696473,"2018-08-20 06:56:36",1,72605480,2025584154,2026002402
1070,0.018625,0.08696473,"2018-08-20 06:56:38",1,72605489,2025584154,2026002566
1071,0.289,0.08634757,"2018-08-20 07:02:50",1,72605770,2026024536,2026024553
1072,0.289,0.08635034,"2018-08-20 07:02:58",1,72605784,2026024913,2026024926
1073,0.02138882,0.08626982,"2018-08-20 08:17:21",1,72608288,2022756491,2026236982
1074,0.02515222,0.08626058,"2018-08-20 08:17:27",1,72608289,2022756228,2026237323
1075,0.01546706,0.08607672,"2018-08-20 08:17:34",1,72608297,2022710246,2026237852
1076,0.32574326,0.08594867,"2018-08-20 08:17:43",1,72608313,2026237317,2026238282
1077,0.0131528,0.08592841,"2018-08-20 08:17:45",1,72608320,2022702976,2026238391
1078,0.27547128,0.08552008,"2018-08-20 08:17:45",1,72608321,2026238266,2026238391
1079,0.413368,0.08553007,"2018-08-20 08:18:09",1,72608382,2026239201,2026239662
1080,0.01818851,0.08545925,"2018-08-20 08:18:53",1,72608418,2022541096,2026241923
1081,0.012,0.08526,"2018-08-20 08:19:04",1,72608429,2022867562,2026242521
1082,0.445,0.08516007,"2018-08-20 08:19:05",1,72608430,2026241405,2026242521
1083,0.02988,0.08516007,"2018-08-20 08:19:05",1,72608431,2026241405,2026242531
1084,0.45123161,0.08516006,"2018-08-20 08:19:05",1,72608432,2026239924,2026242531
1085,0.44957202,0.08451638,"2018-08-20 08:59:31",1,72611171,2026376534,2026377148
1086,0.14391798,0.08451638,"2018-08-20 08:59:31",1,72611173,2026376534,2026377179
1087,0.0295778,0.08451637,"2018-08-20 08:59:31",1,72611174,2022363626,2026377179
1088,0.89889581,0.08453972,"2018-08-20 09:08:56",0,72612398,2026418385,2026417591
1089,0.01439419,0.08453972,"2018-08-20 09:08:56",0,72612399,2026418460,2026417591
1090,0.09826238,0.08483023,"2018-08-20 09:08:57",0,72612402,2026418508,2026418366
1091,0.013,0.08489414,"2018-08-20 09:09:05",0,72612413,2026419157,2026419097
1092,1.19924829,0.08489414,"2018-08-20 09:09:05",0,72612414,2026419169,2026419097
1093,1.60375171,0.08489415,"2018-08-20 09:09:05",0,72612415,2026419169,2026419017
1094,1.212,0.08489415,"2018-08-20 09:09:05",0,72612416,2026419191,2026419017
1095,0.03478206,0.08430561,"2018-08-20 09:20:08",1,72613361,2022363382,2026466278
1096,0.1728,0.08430538,"2018-08-20 09:20:13",0,72613383,2026466766,2026466695
1097,8.494,0.08469754,"2018-08-20 09:32:15",0,72614323,2026514126,2026514115
1098,5.226,0.08469755,"2018-08-20 09:32:15",0,72614324,2026514126,2026514076
1099,0.51942857,0.0847,"2018-08-20 09:38:58",0,72614606,2026538396,2026508715
1100,0.02357143,0.0847,"2018-08-20 09:41:13",0,72614714,2026546316,2026508715
1101,0.62171,0.08509131,"2018-08-20 09:45:27",1,72614997,2026560558,2026560957
1102,0.12642,0.08509131,"2018-08-20 09:45:29",1,72615003,2026560580,2026561147
1103,0.13298126,0.08499,"2018-08-20 10:07:57",1,72616606,2026623915,2026642294
1104,0.09701874,0.08499,"2018-08-20 10:07:57",1,72616608,2026623915,2026642305
1105,0.09701874,0.08463245,"2018-08-20 10:07:59",1,72616620,2026642330,2026642432
1106,2,0.08485999,"2018-08-20 10:09:00",0,72616653,2026646458,2026646222
1107,0.01199421,0.085041,"2018-08-20 10:40:37",0,72618204,2026750756,2026633815
1108,0.01197244,0.08519568,"2018-08-20 10:44:25",0,72618381,2026761838,2026633742
1109,1.5,0.0855,"2018-08-20 10:46:58",0,72618478,2026768761,2026765716
1110,1,0.08555221,"2018-08-20 10:48:08",0,72618525,2026772286,2026757249
1111,0.03616,0.08555221,"2018-08-20 10:48:30",1,72618557,2026772286,2026773513
1112,0.60946344,0.08555221,"2018-08-20 10:50:48",1,72618660,2026772286,2026780100
1113,0.46018,0.0855522,"2018-08-20 11:09:53",0,72619562,2026843089,2026842233
1114,1.18491,0.08555221,"2018-08-20 11:09:53",0,72619563,2026843089,2026780100
1115,0.413579,0.08555221,"2018-08-20 11:09:56",0,72619566,2026843315,2026780100
1116,0.206,0.08572,"2018-08-20 11:10:00",0,72619578,2026843656,2026843496
1117,1.794,0.08572,"2018-08-20 11:10:00",0,72619579,2026843665,2026843496
1118,0.09204,0.08573787,"2018-08-20 11:10:00",0,72619580,2026843694,2026842256
1119,0.68607589,0.08599896,"2018-08-20 11:10:00",0,72619581,2026843694,2026842841
1120,1.29345593,0.08566507,"2018-08-20 11:49:41",1,72621244,2026974672,2026974708
1121,2.80930609,0.08561653,"2018-08-20 11:49:42",1,72621246,2026973733,2026974708
1122,2.892,0.08461008,"2018-08-20 13:09:39",1,72625382,2027252148,2027255528
1123,0.175054,0.08461006,"2018-08-20 13:09:39",1,72625384,2027242883,2027255574
1124,2.31295842,0.0846,"2018-08-20 13:09:39",1,72625385,2027237850,2027255574
1125,0.175054,0.08462008,"2018-08-20 13:09:42",1,72625391,2027255684,2027255853
1126,3.291946,0.0846,"2018-08-20 13:09:42",1,72625393,2027237850,2027255853
1127,3.26129432,0.0846,"2018-08-20 13:09:43",1,72625398,2027237850,2027255934
1128,0.904,0.0846,"2018-08-20 13:09:47",1,72625406,2027237850,2027256180
1129,0.22980126,0.0846,"2018-08-20 13:11:13",1,72625484,2027237850,2027260853
1130,0.02412238,0.0845,"2018-08-20 13:11:54",1,72625532,2027237978,2027262882
1131,0.0679638,0.0845,"2018-08-20 13:12:04",1,72625536,2027237978,2027263212
1132,9.90791382,0.0845,"2018-08-20 13:12:06",1,72625538,2027237978,2027263277
1133,0.46233842,0.0844,"2018-08-20 13:12:08",1,72625539,2027241051,2027263334
1134,2.98956885,0.08459986,"2018-08-20 13:15:22",0,72625813,2027274722,2027274359
1135,3.99143115,0.0846,"2018-08-20 13:15:22",0,72625814,2027274722,2027265279
1136,0.1,0.08504281,"2018-08-20 14:02:03",0,72628687,2027440136,2027440099
1137,0.10322491,0.0847766,"2018-08-20 14:11:16",1,72629061,2027458373,2027471646
1138,1.29646976,0.08508992,"2018-08-20 15:49:58",0,72634000,2027812573,2027812570
1139,8.64,0.08508993,"2018-08-20 15:49:58",0,72634001,2027812573,2027812498
1140,0.42385697,0.08508993,"2018-08-20 15:49:58",1,72634002,2027812573,2027812594
1141,0.01332581,0.08508998,"2018-08-20 15:53:10",0,72634146,2027823923,2027812178
1142,0.01330582,0.08478664,"2018-08-20 15:58:23",1,72634312,2027843564,2027843599
1143,2.9897976,0.08441194,"2018-08-20 16:25:57",1,72635405,2027945389,2027945406
1144,4.75576415,0.08441192,"2018-08-20 16:25:57",1,72635406,2027945383,2027945406
1145,0.1766,0.08483848,"2018-08-20 16:33:10",0,72635811,2027973938,2027973893
1146,0.207,0.08483848,"2018-08-20 16:33:10",0,72635812,2027973965,2027973893
1147,0.748,0.08512701,"2018-08-20 16:37:46",1,72636397,2027995602,2027995612
1148,0.94056743,0.08540384,"2018-08-20 16:38:37",1,72636594,2028000642,2028000679
1149,1.28436592,0.08463852,"2018-08-20 17:03:17",1,72638087,2028105837,2028105864
1150,0.07118,0.08463844,"2018-08-20 17:03:17",1,72638088,2028105437,2028105864
1151,2.07216743,0.08457583,"2018-08-20 17:04:48",0,72638248,2028114904,2028114901
1152,0.07545,0.08441192,"2018-08-20 17:12:37",0,72638481,2028143531,2028143362
1153,1.996,0.08429194,"2018-08-20 17:49:15",1,72639681,2028273219,2028279729
1154,0.54962197,0.08462725,"2018-08-20 17:54:20",0,72639810,2028297556,2028297529
1155,0.01206038,0.08457446,"2018-08-20 18:41:44",0,72641109,2028448795,2028427664
1156,1.29766873,0.0846679,"2018-08-20 18:41:46",1,72641110,2028448795,2028448810
1157,0.01204707,0.08466791,"2018-08-20 18:41:46",0,72641111,2028448795,2028427684
1158,2.44017563,0.08473639,"2018-08-20 18:41:46",1,72641112,2028448795,2028448832
1159,0.01203733,0.08473641,"2018-08-20 18:41:46",0,72641113,2028448795,2028427718
1160,0.01203247,0.08477066,"2018-08-20 18:41:46",0,72641114,2028448795,2028427709
1161,0.01203247,0.08477066,"2018-08-20 18:41:46",0,72641115,2028448795,2028437966
1162,6.933,0.08480009,"2018-08-20 18:41:46",1,72641116,2028448795,2028448892
1163,1.0720018,0.0848001,"2018-08-20 18:41:47",1,72641117,2028448795,2028448845
1164,2.9897976,0.08441092,"2018-08-20 19:16:25",1,72641854,2028539181,2028539182
1165,0.02292556,0.08441091,"2018-08-20 19:16:25",1,72641855,2028539172,2028539182
1166,0.1,0.0848378,"2018-08-20 19:29:27",0,72642066,2028571093,2028542834
1167,0.047,0.08438346,"2018-08-20 19:47:23",1,72642717,2028630297,2028630390
1168,0.0991,0.0839038,"2018-08-20 20:13:02",1,72643898,2028711737,2028711743
1169,1.18216868,0.08438728,"2018-08-20 20:33:23",0,72644741,2028773189,2028773182
1170,1.70762892,0.08430692,"2018-08-20 21:05:08",0,72646192,2028877673,2028877650
1171,0.14897892,0.08430692,"2018-08-20 21:05:08",1,72646193,2028877673,2028877691
1172,0.05,0.08430712,"2018-08-20 21:05:10",0,72646194,2028877673,2028877138
1173,6,0.08446733,"2018-08-20 21:05:10",0,72646195,2028877673,2028870186
1174,0.58593,0.08446737,"2018-08-20 21:05:10",0,72646196,2028877673,2028876161
1175,18,0.08446738,"2018-08-20 21:05:10",0,72646197,2028877673,2028875824
1176,8,0.084471,"2018-08-20 21:05:10",0,72646198,2028877673,2028805281
1177,1.09167916,0.08451165,"2018-08-20 21:05:10",0,72646199,2028877673,2028875647
1178,0.06502,0.08438346,"2018-08-20 22:01:56",0,72648113,2029044727,2028963721
1179,0.000927,0.08438346,"2018-08-20 22:08:12",0,72648861,2029070917,2028963721
1180,0.0838768,0.08456098,"2018-08-20 22:08:12",0,72648864,2029070917,2029070822
1181,0.92718,0.08404528,"2018-08-20 22:08:47",1,72649312,2029074331,2029074655
1182,2.9897976,0.08390381,"2018-08-20 22:08:47",0,72649316,2029074696,2029074655
1183,1.3090224,0.08390381,"2018-08-20 22:08:47",0,72649321,2029074708,2029074655
1184,0.08462485,0.08390372,"2018-08-20 22:08:49",0,72649338,2029074939,2029074824
1185,0.417619,0.08390371,"2018-08-20 22:09:09",1,72649528,2028686355,2029076965
1186,0.0953494,0.08389355,"2018-08-20 22:09:16",1,72649574,2014610552,2029077572
1187,0.02,0.08389757,"2018-08-20 22:09:17",0,72649589,2029077639,2029077633
1188,0.01906866,0.08389355,"2018-08-20 22:09:19",1,72649609,2014610552,2029077853
1189,0.06651405,0.08363255,"2018-08-20 22:09:37",1,72649676,2019313214,2029079458
1190,0.05656188,0.08363255,"2018-08-20 22:09:41",1,72649711,2019313331,2029079818
1191,0.04809881,0.08363255,"2018-08-20 22:09:41",1,72649715,2019313438,2029079818
1192,0.04090203,0.08363255,"2018-08-20 22:09:46",1,72649753,2019313550,2029080341
1193,0.09729826,0.08355861,"2018-08-20 22:10:07",1,72649842,2014610722,2029082135
1194,0.0239466,0.0835009,"2018-08-20 22:10:11",0,72649861,2029082510,2029082418
1195,0.99499162,0.0835009,"2018-08-20 22:10:12",0,72649865,2029082552,2029082418
1196,0.37807449,0.08350086,"2018-08-20 22:10:13",0,72649868,2029082633,2029082616
1197,0.01890373,0.0835009,"2018-08-20 22:10:14",0,72649879,2029082708,2029082418
1198,0.10015251,0.08290136,"2018-08-20 22:14:39",0,72650906,2029103852,2029103842
1199,1,0.08239397,"2018-08-20 22:15:19",0,72651134,2029107676,2029107668
1200,1,0.08266932,"2018-08-20 22:15:23",0,72651146,2029108102,2029108036
1201,1,0.08244401,"2018-08-20 22:15:28",1,72651179,2029107893,2029108590
1202,0.00835,0.0823358,"2018-08-20 22:15:28",0,72651180,2029108592,2029108590
1203,0.26931294,0.08239309,"2018-08-20 22:15:39",1,72651293,2029109486,2029109738
1204,0.243,0.08239309,"2018-08-20 22:15:39",1,72651305,2029109486,2029109746
1205,0.95756406,0.08214352,"2018-08-20 22:16:05",1,72651706,2029112212,2029112502
1206,0.07843594,0.08214337,"2018-08-20 22:16:05",1,72651708,2029112495,2029112502
1207,0.453226,0.08214305,"2018-08-20 22:16:21",1,72651985,2029107258,2029114406
1208,0.37638,0.08177842,"2018-08-20 22:16:33",1,72652092,2029115177,2029115455
1209,0.6113471,0.08177842,"2018-08-20 22:16:33",0,72652096,2029115482,2029115455
1210,0.06119463,0.08164437,"2018-08-20 22:17:41",0,72652486,2029121006,2029120998
1211,0.03887647,0.0816444,"2018-08-20 22:17:46",0,72652509,2029121458,2029121144
1212,1.547,0.08164432,"2018-08-20 22:17:51",1,72652535,2029121874,2029121878
1213,0.03887345,0.0816444,"2018-08-20 22:17:51",0,72652537,2029121888,2029121144
1214,0.110585,0.08174659,"2018-08-20 22:17:56",0,72652554,2029122376,2029121481
1215,0.1360869,0.08174659,"2018-08-20 22:18:01",0,72652575,2029122782,2029121481
1216,0.13152695,0.08174638,"2018-08-20 22:18:06",0,72652619,2029123255,2029122972
1217,0.06576348,0.08174659,"2018-08-20 22:18:12",0,72652629,2029123828,2029121481
1218,1.442,0.08214103,"2018-08-20 22:19:58",0,72653173,2029133807,2029133532
1219,0.07676419,0.08214105,"2018-08-20 22:19:59",0,72653187,2029133943,2029131924
1220,0.2428749,0.08214105,"2018-08-20 22:20:00",0,72653190,2029133837,2029131924
1221,1.31885666,0.08223168,"2018-08-20 22:21:17",1,72653709,2029142474,2029142625
1222,2.989,0.0821032,"2018-08-20 22:21:21",0,72653757,2029143227,2029143220
1223,0.4033,0.08180804,"2018-08-20 22:21:37",1,72653898,2029143862,2029145157
1224,0.61925786,0.08223143,"2018-08-20 22:22:39",0,72654091,2029151188,2029151093
1225,0.25172832,0.08223151,"2018-08-20 22:22:41",0,72654117,2029151245,2029149901
1226,0.66357168,0.08223151,"2018-08-20 22:22:41",0,72654120,2029151428,2029149901
1227,0.36478717,0.08223151,"2018-08-20 22:22:41",1,72654131,2029151428,2029151554
1228,0.58425,0.08223147,"2018-08-20 22:22:46",0,72654192,2029152142,2029151759
1229,0.11685,0.08234289,"2018-08-20 22:22:49",0,72654229,2029152502,2029151813
1230,0.972,0.08232993,"2018-08-20 22:25:07",1,72654584,2029165506,2029165872
1231,4.0146,0.08232993,"2018-08-20 22:25:07",1,72654587,2029165506,2029165909
1232,0.1,0.08232993,"2018-08-20 22:25:07",1,72654590,2029165506,2029165929
1233,0.833,0.08232993,"2018-08-20 22:25:08",1,72654592,2029165506,2029165963
1234,0.3963,0.08232992,"2018-08-20 22:25:20",1,72654651,2029164038,2029167249
1235,0.07287023,0.08232992,"2018-08-20 22:25:25",1,72654687,2029164090,2029167818
1236,0.89135,0.0823193,"2018-08-20 22:26:01",0,72654790,2029171389,2029169465
1237,0.1696071,0.08253546,"2018-08-20 22:26:04",0,72654804,2029171730,2029169492
1238,0.0086629,0.08253546,"2018-08-20 22:26:07",0,72654814,2029172001,2029169492
1239,2.9897976,0.08288095,"2018-08-20 22:26:11",0,72654835,2029172391,2029172386
1240,0.41018524,0.08288109,"2018-08-20 22:26:14",0,72654844,2029172701,2029172358
1241,0.01421476,0.08288109,"2018-08-20 22:26:16",0,72654857,2029172889,2029172358
1242,0.71542045,0.08288124,"2018-08-20 22:26:16",0,72654860,2029172889,2029172553
1243,2.05354371,0.08288125,"2018-08-20 22:26:16",0,72654862,2029172889,2029171031
1244,0.72385491,0.08288125,"2018-08-20 22:26:17",0,72654864,2029172920,2029171031
1245,1.3361929,0.08231337,"2018-08-20 22:26:37",1,72654983,2029175177,2029175223
1246,0.97134127,0.08231335,"2018-08-20 22:26:37",1,72654984,2029175109,2029175223
1247,2.989,0.0823134,"2018-08-20 22:26:45",1,72655036,2029176053,2029176090
1248,0.58789,0.08231338,"2018-08-20 22:27:00",1,72655121,2029176007,2029177700
1249,0.48591537,0.08231063,"2018-08-20 22:28:23",1,72655706,2029186375,2029186726
1250,0.01048463,0.08231063,"2018-08-20 22:28:24",1,72655710,2029186375,2029186796
1251,0.002446,0.0823048,"2018-08-20 22:28:24",1,72655711,2029152142,2029186796
1252,0.43502,0.08231333,"2018-08-20 22:29:13",1,72655927,2029189475,2029191374
1253,0.08683,0.08231333,"2018-08-20 22:29:13",1,72655929,2029189502,2029191374
1254,3.46375,0.08207146,"2018-08-20 22:29:13",1,72655931,2029191160,2029191374
1255,2.536,0.08207146,"2018-08-20 22:29:14",1,72655932,2029191160,2029191446
1256,0.00025,0.08207146,"2018-08-20 22:29:14",1,72655934,2029191160,2029191479
1257,0.51112788,0.082163,"2018-08-20 22:29:27",1,72655959,2029192399,2029192699
1258,0.01107212,0.082163,"2018-08-20 22:29:33",1,72655981,2029192399,2029193203
1259,0.10447,0.08207145,"2018-08-20 22:29:35",1,72655982,2029192416,2029193203
1260,0.38054788,0.08172003,"2018-08-20 22:29:35",1,72655983,2029193111,2029193203
1261,1.14,0.08239277,"2018-08-20 22:30:15",0,72656156,2029197184,2029197060
1262,1.33464098,0.08239279,"2018-08-20 22:30:18",0,72656173,2029197518,2029197406
1263,0.01935902,0.0823928,"2018-08-20 22:30:18",0,72656174,2029197518,2029195276
1264,1.092,0.0823928,"2018-08-20 22:30:20",0,72656196,2029197831,2029195276
1265,0.04833098,0.0823928,"2018-08-20 22:30:21",0,72656202,2029197936,2029195276
1266,0.42637,0.08239288,"2018-08-20 22:30:24",1,72656226,2029198238,2029198267
